@String{ cviu = "Computer Vision and Image Understanding" }

@String{ ac = "IEEE Transactions on Automatic Control" }

@String{ accv = "Proceedings of Asian Conference on Computer Vision" }

@String{ ai = "Artificial Intelligence" }

@String{ as = "Applied Statistics" }

@String{ cdc = "{IEEE} Conference on Decision and Control" }

@String{ cpam = "CPAM" }

@String{ cvgip = "Computer Vision, Graphics, and Image Processing" }

@String{ eccv = "Proceedings of the European Conference on Computer Vision" }

@String{ erlmemo = "Electronics Research Laboratory Memorandum, UC Berkeley" }

@String{ eusai = "Proceedings of the European Symposium on Ambient Intelligence" }

@String{ iccv = "Proceedings of the {IEEE} International Conference on Computer Vision" }

@String{ icdsc = "Proceedings of the {ACM/IEEE} International Conference on Distributed Smart Cameras" }

@String{ icip = "ICIP" }

@String{ icpr = "Proceedings of the International Conference on Pattern Recognition" }

@String{ icra = "Proceedings of the {IEEE} International Conference on Robotics and Automation" }

@String{ ieee = "Proceedings of the {IEEE}" }

@String{ ieeebe = "{IEEE} Transactions on Biomedical Engineering" }

@String{ ijc = "International Journal on Control" }

@String{ ijrr = "International Journal on Robotics Research" }

@String{ ipsn = "Proceedings of the International Conference on Information Processing in Sensor Networks" }

@String{ iros = "Proceedings of the {IEEE} International Conference on Intelligent Robots and Systems" }

@String{ isrr = "Proceedings of the International Symposium on Robotics Research" }

@String{ iswc = "Proceedings of the International Symposium on Wearable Computers" }

@String{ it = "{IEEE} Transactions on Information Theory" }

@String{ jai = "Journal of Artificial Intelligence" }

@String{ jasa = "Journal of American Statistics Association" }

@String{ pami = "PAMI" }

@String{ pervasive = "Proceedings of the International Conference on Pervasive Computing" }

@String{ ras = "Robotics and Autonomous Systems" }

@String{ sjis = "{SIAM} Journal on Imaging Science" }

@String{ sjo = "{SIAM} Journal on Optimization" }

@String{ sp = "{IEEE} Transactions on Signal Processing" }

@String{ sysman = "{IEEE} Transactions on Systems, Man, and Cybernetics" }

@String{ tac = "{IEEE} Transactions on Automatic Control" }

@String{ tra = "{IEEE} Transactions on Robotics and Automation" }

@String{ ucs = "Proceedings of the International Symposium on Ubiquitous Computing Systems" }

@String{ vr = "Vision Research" }

@String{ cvpr = "CVPR" }

@String{ fgr = "Proceedings of {IEEE} Conference on Automatic Face and Gesture Recognition" }

@String{ ijcv = "International Journal of Computer Vision" }

@InProceedings{ AchlioptasD2001,
	author = "D. Achlioptas",
	title = "Database-friendly random projections",
	booktitle = "Proceedings of the ACM Symposium on Principles of Database Systems",
	pages = "274--281",
	year = "2001"
}

@InProceedings{ AgarwalS2002-ECCV,
	author = "S.~Agarwal and D.~Roth",
	title = "Learning a sparse representation for object detection",
	booktitle = eccv,
	year = 2002
}

@InProceedings{ Agrawal-sigmod98,
	author = "R. Agrawal and J. Gehrke and D. Gunopulos and P. Raghavan",
	title = "Automatic {S}ubspace {C}lustering of {H}igh {D}imensional {D}ata for {D}ata {M}ining {A}pplications",
	booktitle = "S{IGMOD}",
	year = "1998"
}

@InProceedings{ AilonN2006,
	author = "N.~Ailon and B.~Chazelle",
	title = "Approximate nearest neighbors and the fast {Johnson}-{Lindenstrauss} transform",
	booktitle = "STOC",
	year = "2006"
}

@Article{ AkaikeH1977,
	author = "H. Akaike",
	title = "A new look at the statistical model selection",
	journal = ac,
	year = "1977",
	volume = "16",
	pages = "716--723",
	number = "6"
}

@Article{ AlizadehF2003,
	author = "F.~Alizadeh and D.~Goldfarb",
	title = "Second-order cone programming",
	journal = "Mathematical Programming",
	volume = "95",
	number = "1",
	year = "2003"
}

@Article{ AlterT1998-IJCV,
	author = "T. Alter and R. Basri",
	title = "Extracting salient curves from images: an analysis of the saliency network",
	journal = ijcv,
	year = "1998",
	volume = "27",
	pages = "51--69"
}

@Article{ AmaldiE1998,
	author = "E.~Amaldi and V.~Kann",
	title = "On the approximability of minimizing nonzero variables or unsatisfied relations in linear systems",
	journal = "Theoretical Computer Science",
	volume = "209",
	pages = "237--260",
	year = "1998"
}

@Article{ AnlikerU2004,
	author = {U. Anliker and J. Ward and P. Lukowicz and G. Tr{\"o}ster and F. Dolveck and M. Baer and F. Keita and E. Schenker and F. Catarsi and L. Coluccini and A. Belardinelli and D. Shklarski and M. Alon and E. Hirt and R. Schmid and M. Vuskovic},
	title = "{AMON}: {A} wearable multiparameter medical monitoring and alert system",
	journal = "{IEEE} Transactions on Information Technology in Biomedicine",
	volume = "8",
	number = 4,
	year = 2004,
	pages = "415--427"
}

@MastersThesis{ AsifM2008,
	author = "M.~Asif",
	title = "Primal dual prusuit: A homotopy based algorithm for the Dantzig selector",
	school = "Georgia Institute of Technology",
	year = "2008",
	type = "{M. S. Thesis}"
}

@Article{ AugustJ2003-PAMI,
	author = "J. August and S. W. Zucker",
	title = "Sketches with curvature: the curve indicator random field and markov processes",
	journal = pami,
	year = "2003",
	volume = "25",
	pages = "387--400",
	number = "4",
	month = "April"
}

@InProceedings{ AylwardR2007-IPSN,
	author = "R. Aylward and J. Paradiso",
	title = "A compact, high-speed, wearable sensor network for biomotion capture and interactive media",
	booktitle = ipsn,
	year = 2007
}

@Article{ BallardD1981-PR,
	author = "D. Ballard",
	title = "Generalizing the {H}ough transform to detect arbitrary patterns",
	journal = "Pattern {R}ecognition",
	year = "1981",
	volume = "13",
	pages = "111--122",
	number = "2"
}

@InProceedings{ BaoL2004,
	author = "L. Bao and S. Intille",
	title = "Activity recognition from user-annotated acceleration data",
	booktitle = pervasive,
	year = 2004
}

@Article{ BaranuikR2006,
	author = "R. Baraniuk and M. Wakin",
	title = "Random projections of smooth manifolds",
	journal = "preprint",
	year = "2006"
}

@Article{ BaranuikR2007,
	author = "R. Baraniuk and M. Davenport and R. de Vore and M. Wakin",
	title = "The {Johnson-Lindenstrauss} lemma meets compressed sensing",
	journal = "to appear in Constructive Approximation",
	year = "2007"
}

@Article{ BaronD2005,
	author = "D.~Baron and M.~Wakin and M.~Duarte and S.~Sarvotham and R.~Baraniuk",
	title = "Distributed compressed sensing",
	journal = "preprint",
	year = "2005"
}

@InProceedings{ BartoliA2001-CVPR,
	author = "A. Bartoli",
	title = "Piecewise planar segmentation for automatic scene modeling",
	booktitle = cvpr,
	year = "2001"
}

@Article{ BarzilaiJ1988,
	author = "J.~Barzilai and J.~Borwein",
	title = "Two point step size gradient methods",
	journal = "IMA Journal of Numerical Analysis",
	volume = "8",
	pages = "141--148",
	year = "1988"
}

@TechReport{ BasriR1997,
	author = "R. Basri and Y. Moses",
	title = "When {I}s {I}t {P}ossible to {I}dentify 3{D} {O}bjects from {S}ingle {I}mages {U}sing {C}lass {C}onstraints",
	institution = "Weizmann Institute of Sience",
	year = "1997",
	optnote = "3D Object and Pose Recognition and Invariant"
}

@Article{ BasriR2003-PAMI,
	author = "R.~Basri and D.~Jacobs",
	title = "Lambertian reflectance and linear subspaces",
	journal = pami,
	pages = "218--233",
	year = 2003,
	volume = 25,
	number = 2
}

@Article{ BayH2008-CVIU,
	author = "H.~Bay and A.~Ess and T.~Tuytelaars and {L.~{Van Gool}}",
	title = "{SURF}: Speeded Up Robust Features",
	journal = cviu,
	volume = 110,
	number = 3,
	pages = "346--359",
	year = 2008
}

@Article{ BeckA2009_1,
	author = "A.~Beck and M.~Teboulle",
	title = "A fast iterative shrinkage-thresholding algorithm for linear inverse problems",
	journal = "SIAM Journal on Imaging Sciences",
	volume = "2",
	number = "1",
	year = "2009",
	pages = "183--202"
}

@Article{ BeckerS2009,
	author = "S.~Becker and J.~Bobin and E.~Candes",
	title = "{NESTA}: a fast and accurate first-order method for sparse recovery",
	journal = "preprint",
	year = "2009"
}

@Book{ BeckerT1993,
	title = {Gr{\"o}bner bases: a computational approach to commutative algebra},
	publisher = "Springer",
	year = "1993",
	author = "T. Becker and V. Weispfenning"
}

@Article{ BelhumeurP1997-PAMI,
	author = "P. Belhumeur and J. Hespanda and D. Kriegman",
	title = "{E}igenfaces vs. {F}isherfaces: recognition using class specific linear projection",
	journal = pami,
	year = "1997",
	volume = "19",
	pages = "711--720",
	number = "7"
}

@InProceedings{ BenbasatA2007,
	author = "A. Benbasat and J. Paradiso",
	title = "Groggy wakeup - automated generation of power-efficient detection hierarchies for wearable sensors",
	booktitle = "Proceedings of International Workshop on Wearable and Implantable Body Sensor Networks",
	year = 2007
}

@Book{ BertsekasD2003,
	author = "D.~Bertsekas",
	title = "Nonlinear Programmin",
	publisher = "Ath. Sci.",
	year = "2003"
}

@Article{ BickelP06-preprint,
	author = "P. Bickel and E. Levina",
	title = "Regularized estimation of large covariance matrices",
	journal = "preprint",
	year = "2006"
}

@Article{ BickelP1964,
	author = "P. Bickel",
	title = "On some alternative estimates for shift in the {$P$}-variate one sample problem",
	journal = "The Annals of Mathematical Statistics",
	volume = "35",
	number = "3",
	year = "1964",
	month = "9",
	pages = "1079--1090"
}

@Article{ BickelP2006,
	author = "P. Bickel and B. Li",
	title = "Regularization in statistics",
	journal = "Test",
	volume = 15,
	number = 2,
	year = 2006,
	pages = "271--344"
}

@InProceedings{ BinghamE2001,
	author = "E. Bingham and H. Mannila",
	title = "Random projection in dimensionality reduction: Applications to image and text data",
	booktitle = "Proceedings of the ACM SIGKDD International Conference on Knowledge Discovery and Data Mining",
	pages = "245--250",
	year = "2001"
}

@Article{ BjorckA1973,
	author = "A. Bjorck and G. Golub",
	title = "Numerical methods for computing angles between linear subspaces",
	journal = "Mathematics of Computation",
	volume = 27,
	year = 1973,
	pages = "579--594"
}

@InCollection{ BjornerA1994,
	author = {A. Bj{\"o}rner},
	title = "Subspace arrangements",
	booktitle = "First {E}uropean {C}ongress of {M}athematics, {V}ol.\ {I} ({P}aris, 1992)",
	publisher = {Birkh{\"a}user},
	year = "1994",
	volume = "119",
	series = "Progr. Math.",
	pages = "321--370",
	address = "Basel",
	mrclass = "52B30",
	mrnumber = "MR1341828 (96h:52012)",
	mrreviewer = "Hiroaki Terao"
}

@Article{ BjornerA1994a,
	author = {A. Bj{\"o}rner and L. Lov{\'a}sz},
	title = {Linear decision trees, subspace arrangements and {M}{\"o}bius functions},
	journal = "J. {A}mer. {M}ath. {S}oc.",
	year = "1994",
	volume = "7",
	pages = "677--706",
	number = "3",
	fjournal = "Journal of the American Mathematical Society",
	issn = "0894-0347",
	mrclass = "52B55 (05C05 06A09 57M99 68Q25)",
	mrnumber = "MR1243770 (95e:52024)",
	mrreviewer = "Rade \v{Z}ivaljevi{\'c}"
}

@Article{ BjornerA1996,
	author = {A. Bj{\"o}rner and B. Sagan},
	title = "Subspace arrangements of type {${B}\sb n$} and {${D}\sb n$}",
	journal = "J. {A}lgebraic {C}ombin.",
	year = "1996",
	volume = "5",
	pages = "291--314",
	number = "4",
	coden = "JAOME7",
	fjournal = "Journal of Algebraic Combinatorics. An International Journal",
	issn = "0925-9899",
	mrclass = "52B30 (05A15 05E25 06A08 20F55)",
	mrnumber = "MR1406454 (97g:52028)",
	mrreviewer = "Luis Paris"
}

@Article{ BjornerA2005,
	author = {A. Bj{\"o}rner and I. Peeva and J. Sidman},
	journal = "Journal of the {L}ondon {M}ath. {S}ociety",
	pages = "273--288",
	title = "Subspace arrangements defined by products of linear forms",
	year = "2005"
}

@Article{ BorghiA2010,
	author = "A.~Borghi and J.~Darbon and S.~Peyronnet and T.~Chan and S.~Osher",
	title = "A compressive sensing algorithm for many-core architectures",
	journal = "Adv. in Vis. Comp.",
	volume = "6454/2010",
	pages = "678--686",
	year = "2010"
}

@Book{ BoydS2004,
	author = "S. Boyd and L. Vandenberghe",
	title = "Convex optimization",
	publisher = "Cambridge University Press",
	year = "2004"
}

@Article{ BrucksteinA2007,
	author = "A.~Bruckstein and D.~Donoho and M.~Elad",
	title = "From sparse solutions of systems of equations to sparse modeling of signals and images",
	journal = "SIAM R.",
	volume = "51",
	number = "1",
	pages = "34--81",
	year = 2009
}

@OTHER{ Dally-Web,
	author = "Dally",
	title = "'Project Denver' Processor to Usher in New Era of Computing",
	url = "http://blogs.nvidia.com/2011/01/project-denver-processor-to-usher-in-new-era-of-computing/"
}

@OTHER{ Bulatov-Web,
	author = "Bulatov",
	title = "Polyhedra collection",
	url = "http://www.physics.orst.edu/~bulatov/polyhedra/index.html"
}

@Article{ CampbellN1978-AS,
	author = "N. Campbell",
	title = "The influence function as an aid in outlier detection in discriminant analysis",
	journal = as,
	year = "1978",
	volume = "27",
	pages = "251--258",
	number = "3"
}

@Article{ CampbellN1980-AS,
	author = "N. Campbell",
	title = "Robust procedures in multivariate analysis {I}: robust covariance estimation",
	journal = as,
	year = "1980",
	volume = "29",
	pages = "231--237",
	number = "3"
}

@Article{ Candes2005,
	author = "E. Cand{\`e}s and T. Tao",
	title = "Error Correction via Linear Programming",
	journal = "IEEE Symposium on FOCS",
	year = "2005",
	pages = "295--308"
}

@Article{ CandesE2005-IT_1,
	author = "E. Cand{{\`e}s} and T. Tao",
	title = "Decoding by linear programming",
	journal = it,
	year = 2005,
	volume = 51,
	number = 12
}

@Article{ CandesE2006-CPAM,
	author = "E. Cand{\`e}s and J. Romberg and T. Tao",
	title = "Stable signal recovery from incomplete and inaccurate measurements",
	journal = cpam,
	year = "2006",
	volume = "59",
	pages = "1207--1223"
}

@InProceedings{ CandesE2006-ICM,
	author = "E. Cand{{\`e}s}",
	title = "Compressive sampling",
	booktitle = "Proceedings of the International Congress of Mathematicians",
	year = 2006
}

@Article{ CandesE2006-IT,
	author = "E. Cand{\`e}s and T. Tao",
	title = "Near optimal signal recovery from random projections: Universal encoding strategies?",
	journal = it,
	year = "2006",
	volume = "52",
	number = "12",
	pages = "5406--5425"
}

@Article{ CannyJ1986-PAMI,
	author = "J. Canny",
	title = "A computational approach to edge detection",
	journal = pami,
	year = "1986",
	volume = "8",
	pages = "679--698",
	number = "6",
	month = "November"
}

@Article{ CarsonC2002-PAMI,
	author = "C. Carson and S. Belongie and H. Greenspan and J. Malik",
	title = "Blobworld: Image Segmentation Using Expectation-Maximization and Its Application to Image Querying",
	journal = pami,
	year = "2002",
	volume = " 24",
	pages = "657--673",
	number = "5",
	optmonth = "June"
}

@InProceedings{ ChangC2006,
	author = "C. Chang and H. Aghajan",
	title = "Collaborative face orientation detection in wireless image sensor networks",
	booktitle = "Proceedings of Distributed Smart Cameras Workshop",
	year = 2006
}

@InProceedings{ ChenD2009,
	author = "D.~Chen and S.~Tsai and V.~Chandrasekhar and G.~Takacs and J.~Singh and B.~Girod",
	title = "Tree histogram coding for mobile image matching",
	booktitle = "Proceedings of the IEEE Data Compression Conference",
	year = 2009
}

@Article{ ChenH1997,
	author = "H.~Chen and R.~Rockafellar",
	title = "Convergence rates in forward-backward splitting",
	journal = "SIAM Journal on Optimization",
	volume = "7",
	pages = "421--444",
	year = "1997"
}

@InProceedings{ ChenP2008,
	author = "P.~Chen and P.~Ahammad and C.~Boyer and S.~Huang and L.~Lin and E.~Lobaton and M.~Meingast and S.~Oh and S.~Wang and P.~Yan and A.~Yang and C.~Yeo and L.~Chang and D.~Tygar and S.~Sastry",
	title = "{CITRIC}: A low-bandwidth wireless camera network platform",
	booktitle = "Proceedings of the International Conference on Distributed Smart Cameras",
	year = 2008
}

@Article{ ChenS2001-SIAM,
	author = "S.~Chen and D.~Donoho and M.~Saunders",
	title = "Atomic Decomposition by Basis Pursuit",
	journal = "SIAM R.",
	volume = "43",
	pages = "129--159",
	year = "2001"
}

@InProceedings{ ChristoudiasC2008-CVPR,
	author = "C.~Christoudias and R.~Urtasun and T.~Darrell",
	title = "Unsupervised feature selection via distributed coding for multi-view object recognition",
	booktitle = cvpr,
	year = 2008
}

@InProceedings{ ChumO2005-CVPR,
	author = "O. Chum and T. Werner and J. Matas",
	title = "Two-view geometry estimation unaffected by a dominant plane",
	booktitle = cvpr,
	year = 2005
}

@Article{ CohenL1991,
	author = "L. D. Cohen",
	title = "On active contour models and balloons",
	journal = "Comp. {V}ision, {G}raphics, and {I}mage {P}rocessing: {I}mage {U}nderstanding",
	year = "1991",
	volume = "53",
	pages = "211--218",
	number = "2"
}

@Article{ CohenL1993,
	author = "L. D. Cohen and I. Cohen",
	title = "Finite element methods for active contour models and balloons for 2{D} and 3{D} images",
	journal = pami,
	year = "1993",
	volume = "15",
	pages = "1131--1147",
	number = "11"
}

@Article{ ColemanG1979,
	author = "G. Coleman and H. Andrews",
	title = "Image segmentation by clustering",
	journal = "Proceedings of the IEEE",
	volume = "67",
	number = "5",
	year = "1979",
	pages = "773--785"
}

@Article{ ComaniciuD2002-PAMI,
	author = "D. Comanicu and P. Meer",
	title = "Mean shift: {A} robust approach toward feature space analysis",
	journal = pami,
	year = "2002",
	volume = "24",
	pages = "603--619",
	month = "May"
}

@Article{ CombettesP2005,
	author = "P.~Combettes and V.~Wajs",
	title = "Signal recovery by proximal forward-backward splitting",
	journal = "SIAM Multiscale Modeling and Simulation",
	volume = "4",
	pages = "1168--1200",
	year = "2005"
}

@Article{ CorreaW-RITA2002,
	author = "W. T. Correa and M. M. Oliveira and C. T. Silva and J. Wang",
	title = "Modeling and {R}endering of {R}eal {E}nviroment",
	journal = "R{ITA}",
	year = "2002",
	volume = "IX",
	number = "1"
}

@InProceedings{ CosteiraJ1994,
	author = "J. Costeira and T. Kanade",
	title = "Multi-body {F}actorization {M}ethods for {M}otion {A}nalysis",
	booktitle = iccv,
	year = "1995",
	pages = "1071--1076"
}

@Article{ CosteiraJ1998-IJCV,
	author = "J. Costeira and T. Kanade",
	title = "A multibody factorization method of independently moving objects",
	journal = ijcv,
	year = "1998",
	volume = "29",
	pages = "159--179",
	number = "3"
}

@Book{ Cover-Thomas,
	author = "T. Cover and J. Thomas",
	title = "Elements of Information Theory",
	publisher = "Wiley Series in Telecommunications",
	year = "1991"
}

@Book{ CrickF1994,
	title = "The {A}stonishing {H}ypothesis, the {S}cientific {S}earch for the {S}oul",
	publisher = "Charles Scribner's Sons",
	year = "1994",
	author = "F. Crick",
	optnote = "Vision Psychology"
}

@InProceedings{ CriminisiA1999-ICCV,
	author = "I.Reid {A. Criminisi} and A. Zisserman",
	title = "Single {V}iew {M}etrology",
	booktitle = iccv,
	year = "1999",
	pages = "434--441"
}

@Article{ CriminisiA2000-IJCV,
	author = "A. Criminisi and I.Reid and A. Zisserman",
	title = "Single {V}iew {M}etrology",
	journal = ijcv,
	year = "2000"
}

@Article{ CritchleyF1985-Biometrika,
	author = "F. Critchley",
	title = "Influence in principal components analysis",
	journal = "Biometrika",
	year = "1985",
	volume = "72",
	pages = "627--636",
	number = "3"
}

@Article{ DaiW2009,
	author = "W.~Dai and O.~Milenkovic",
	title = "Subspace pursuit for compressive sensing signal reconstruction",
	journal = it,
	volume = "55",
	number = "5",
	pages = "2230--2249",
	year = "2009"
}

@Article{ DaubechiesI2004,
	author = "I.~Daubechies and M.~Defrise and C.~Mol",
	title = "An iterative thresholding algorithm for linear inverse problems with a sparsity constraint",
	journal = cpam,
	volume = "57",
	pages = "1413--1457",
	year = "2004"
}

@Article{ DavisG1997,
	author = "G.~Davis and S.~Mallat and M.~Avellaneda",
	title = "Adaptive greedy approximations",
	journal = "Journal of Constructive Approximation",
	volume = "13",
	pages = "57--98",
	year = "1997"
}

@Article{ DempsterA1977,
	author = "A. Dempster and N. Laird and D. Rubin",
	title = "Maximum likelihood from incomplete data via the {EM} algorithm",
	journal = "Journal of the {R}oyal {S}tatistical {S}ociety",
	year = "1977",
	volume = "39(B)",
	pages = "1--38"
}

@InProceedings{ DengY1999-CVPR,
	author = "Y. Deng and B. Manjunath and H. Shin",
	title = "Color image segmentation",
	booktitle = cvpr,
	year = "1999"
}

@Misc{ DerksenH2005-Hilbert,
	author = "Harm Derksen",
	title = "Hilbert series of subspace arrangements",
	year = "2005 (preprint)"
}

@Article{ DonohoD1995,
	author = "D.~Donoho",
	title = "De-noising by soft-thresholding",
	journal = it,
	year = "1995",
	volume = "41",
	pages = "613--627"
}

@Article{ DonohoD2000,
	author = "D.~Donoho",
	title = "High-dimensional data analysis: The curses and blessings of dimensionality",
	journal = "AMS Math Challenges Lecture",
	year = "2000"
}

@Article{ DonohoD2003-PNAS,
	author = "D.~Donoho and M.~Elad",
	title = "Optimally sparse representation in general (nonorthogonal) dictionaries via {$\ell^1$} minimization",
	journal = "PNAS",
	volume = 100,
	number = 5,
	year = "2003",
	pages = "2197--2202"
}

@Article{ DonohoD2004,
	author = "D.~Donoho",
	title = "For most large underdetermined systems of linear equations the minimal $\ell^1$-norm near solution approximates the sparest solution",
	journal = cpam,
	volume = "59",
	pages = "907--934",
	year = "2006"
}

@Article{ DonohoD2005,
	author = "D.~Donoho",
	title = "Neighborly Polytopes and Sparse Solution of Underdetermined Linear Equations",
	journal = "preprint",
	year = "2005"
}

@Article{ DonohoD2005-PNAS,
	author = "D.~Donoho and J.~Tanner",
	title = "Neighborliness of randomly projected simplices in high dimensions",
	journal = "PNAS",
	volume = "102",
	number = "27",
	year = 2005,
	pages = "9452--9457"
}

@Article{ DonohoD2006,
	author = "D.~Donoho and Y.~Tsaig",
	title = "Fast solution of $\ell^1$-norm minimization problems when the solution may be sparse",
	journal = {preprint},
	year = "2006"
}

@Article{ DonohoD2006-CPAM,
	author = "D.~Donoho",
	title = "For most large underdetermined systems of linear equations the minimal $l\_1$-norm solution is also the sparsest solution",
	journal = cpam,
	year = "2006",
	volume = 59,
	pages = "797--829"
}

@Article{ DonohoD2006-IT,
	author = "D.~Donoho and M.~Elad and V.~Temlyakov",
	title = "Stable recovery of sparse overcomplete representations in the presence of noise",
	journal = it,
	volume = "52",
	number = "1",
	year = "2006",
	pages = "6--18"
}

@Article{ DonohoD2006-SP,
	author = "D.~Donoho and M.~Elad",
	title = "On the stability of the basis pursuit in the presence of noise",
	journal = "Signal Processing",
	year = "2006",
	volume = 86,
	pages = "511--532"
}

@Article{ DonohoD2009,
	author = "D.~Donoho and J.~Tanner",
	title = "Counting faces of randomly-projected polytopes when the projection radically lowers dimension",
	journal = "Journal of the American Mathematical Society",
	volume = 22,
	number = 1,
	year = 2009,
	pages = "1--53"
}

@Article{ DonohoD2009-PNAS,
	author = "D.~Donoho and A.~Maleki and A.~Montanari",
	title = "Message-passing algorithms for compressed sensing",
	journal = "PNAS",
	volume = "106",
	number = "45",
	pages = "18914--18919",
	year = "2009"
}

@Article{ DowsonD1982,
	author = "D. Dowson and B. Landau",
	title = "The {Frechet} distance between multivariate normal distributions",
	journal = "Journal Multivariate Analysis",
	year = "1982",
	volume = "12",
	number = "3",
	pages = "450--455"
}

@InProceedings{ DuarteM2005,
	author = "M.~Duarte and S.~Sarvotham and D.~Baron and M.~Wakin and R.~Baraniuk",
	title = "Distributed compressed sensing of jointly sparse signals",
	booktitle = "the Thirty-Ninth Asilomar Conference on Signals, Systems and Computers",
	year = 2005
}

@Book{ DudaR,
	title = "Pattern {C}lassification",
	publisher = "John Wiley {\&} Sons",
	year = "2001",
	author = "R. Duda and P. Hart and D. Stork",
	edition = "Second"
}

@Article{ EfronB2004,
	author = "B.~Efron and T.~Hastie and I.~Johnstone and R.~Tibshirani",
	title = "Least angle regression",
	journal = "Ann. Stat.",
	volume = 32,
	pages = "407--499",
	year = 2004
}

@TechReport{ EldarY2008,
	author = "Y.~Eldar and M.~Mishali",
	title = "Robust recovery of signals from a union of subspaces",
	institution = "(preprint) arXiv:0807.4581",
	year = 2008
}

@Article{ ElderJ2003-PAMI,
	author = "J. H. Elder and A. Krupnik and L. A. Johnston",
	title = "Contour grouping with prior models",
	journal = pami,
	year = "2003",
	volume = "25",
	pages = "661--674",
	number = "6",
	month = "June"
}

@InProceedings{ ElhamifarE2009-CVPR,
	author = "E.~Elhamifar and R.~Vidal",
	title = "Sparse subspace clustering",
	booktitle = cvpr,
	year = 2009
}

@InProceedings{ FarringdonJ1999-ISWC,
	author = "J. Farringdon and A. Moore and N. Tilbury and J. Church and P. Biemond",
	title = "Wearable sensor badge \& sensor jacket for context awareness",
	booktitle = iswc,
	year = "1999",
	pages = "107--113"
}

@Article{ FedorovE1885,
	author = "E. S. Fedorov",
	title = "The elements of the study of figures",
	journal = "Zapiski {I}mperatorskogo {S}. {P}eterburgskogo {M}ineralogichesgo {O}bshchestva [{P}roc. {S}. {P}eterb. {M}ineral. {S}oc.]",
	year = "1885",
	volume = "2",
	pages = "1--289",
	number = "21"
}

@Article{ FedorovE1891,
	author = "E. S. Fedorov",
	title = "Symmetry of finite figures",
	journal = "Zapiski {I}mperatorskogo {S}. {P}eterburgskogo {M}ineralogichesgo {O}bshchestva [{P}roc. {S}. {P}eterb. {M}ineral. {S}oc.]",
	year = "1891",
	volume = "2",
	pages = "1--146",
	number = "28"
}

@Article{ FedorovE1891-2,
	author = "E. S. Fedorov",
	title = "Symmetry in the plane",
	journal = "Zapiski {I}mperatorskogo {S}. {P}eterburgskogo {M}ineralogichesgo {O}bshchestva [{P}roc. {S}. {P}eterb. {M}ineral. {S}oc.]",
	year = "1891",
	volume = "2",
	pages = "345--390",
	number = "28"
}

@Book{ FedorovE1971,
	title = "Symmetry of {C}rystals",
	publisher = "Translated from the 1949 Russian Edition. American Crystallographic Association",
	year = "1971",
	author = "E. S. Fedorov"
}

@Article{ FelzenszwalbP2004-IJCV,
	author = "P. Felzenszwalb and D. Huttenlocher",
	title = "Efficient graph-based image segmentation",
	journal = ijcv,
	year = "2004",
	month = "September"
}

@InProceedings{ FergusonT-1961,
	author = "T. Ferguson",
	title = "On the rejection of outliers",
	booktitle = "Proceedings of the Fourth Berkeley Symposium on Mathematical Statistics and Probability",
	year = 1961
}

@InProceedings{ FernX2003,
	author = "X. Fern and C. Brodley",
	title = "Random projection for high dimensional data clustering: A cluster ensemble approach",
	booktitle = "Proceedings of the International Conference on Machine Learning",
	year = "2003"
}

@InProceedings{ FerrariV2004-CVPR,
	author = "V.~Ferrari and T.~Tuytelaars and {L.~{Van Gool}}",
	title = "Integrating multiple model views for object recognition",
	booktitle = cvpr,
	year = 2004
}

@Article{ Feuer-sparse03,
	author = "A. Feuer and A. Nemirovski",
	title = "On {S}parse {R}epresentation in {P}airs of {B}ases",
	journal = "I{EEE} {T}ransactions on {I}nformation {T}heory",
	year = "2003",
	volume = "49",
	pages = "1579--1581",
	number = "6",
	optmonth = "June"
}

@Article{ FigueiredoM2002-PAMI,
	author = "M. Figueiredo and A. Jain",
	title = "Unsupervised learning of finite mixture models",
	journal = pami,
	year = "2002",
	volume = "24",
	number = "3",
	pages = "1--16"
}

@Article{ FigueiredoM2007,
	author = "M.~Figueiredo and R.~Nowak and S.~Wright",
	title = "Gradient projection for sparse reconstruction: {A}pplication to compressed sensing and other inverse problems",
	journal = "JSTSP",
	year = "2007",
	pages = "586--597"
}

@Article{ FigueiredoM2010,
	author = "M.~Figueiredo and J.~Bioucas-Dias",
	title = "Restoration of {Poissonian} images using alternating direction optimization",
	journal = "(preprint)",
	year = "2010"
}

@Article{ Fischler-ACM81,
	author = "M. Fischler and R. Bolles",
	title = "Random sample consensus: a paradigm for model fitting with applications to image analysis and automated cartography",
	journal = "Communications of the {ACM}",
	year = "1981",
	volume = "24",
	pages = "381--85"
}

@Article{ ForgyE1965,
	author = "E. Forgy",
	title = "Cluster analysis of multivariate data: efficiency vs. interpretability of classifications (abstract)",
	journal = "Biometrics",
	year = "1965",
	volume = "21",
	pages = "768--769"
}

@Article{ ForsythD1991-PAMI,
	author = "D. Forsyth and J. L. Mundy and A. Zisserman and C. Coelho and A. Heller and C. Rothwell",
	title = "Invariant {D}escriptors for 3-{D} {O}bject {R}ecognition and {P}ose",
	journal = pami,
	year = "1991",
	volume = "13",
	pages = "971--991",
	number = "10",
	optmonth = "Oct.",
	optnote = "3D Object and Pose Recognition and Invariant"
}

@InProceedings{ Francois-ICPR02,
	author = "A. Francois and G. Medioni and R. Waupotitsch",
	title = "Reconstructing {M}irror {S}ymmetric {S}cenes {F}rom a {S}ingle {V}iew {U}sing 2-{V}iew {S}tereo {G}eometry",
	booktitle = icpr,
	year = "2002",
	volume = "4",
	pages = "12--16",
	address = "Qu{\'e}bec City, Canada",
	month = "August"
}

@Article{ FranklP1998,
	author = "P.~Frankl and H.~Maehara",
	title = "The {Johnson}-{Lindenstrauss} lemma and the sphericity of some graphs",
	journal = "Journal of Combinatorial Theory, Ser. B",
	volume = "44",
	pages = "355--362",
	year = "1988"
}

@InProceedings{ FreixenetJ2002-ECCV,
	author = "J. Freixenet and X. Munoz and D. Raba and J. Marti and X. Cuff",
	title = "Yet another survey on image segmentation",
	booktitle = eccv,
	year = "2002"
}

@Article{ FriedmanJ1989,
	author = "J. Friedman",
	title = "Regularized discriminant analysis",
	journal = "Journal of the American Statistical Association",
	year = 1989,
	month = "March",
	volume = 84,
	pages = "165--175"
}

@TechReport{ FrischK1955,
	author = "K.~Frisch",
	title = "The logarithmic potential method of convex programming",
	institution = "University Institute of Economics (Oslo, Norway)",
	year = "1955"
}

@Article{ GabayD1976,
	author = "D.~Gabay and B.~Mercier",
	title = "A dual algorithm for the solution of nonlinear variational problems via finite-element approximations",
	journal = "Computers and Mathematics with Applications",
	volume = "2",
	pages = "17--40",
	year = "1976"
}

@Article{ GardingJ1992-JMIV,
	author = "J. Garding",
	title = "Shape from texture for smooth curved surfaces in perspective projection",
	journal = "Journal of {M}athematical {I}maging and {V}ision",
	year = "1992",
	volume = "2",
	pages = "327--350",
	number = "4",
	optnote = "Surface orientaiton by isotropy"
}

@Article{ GardingJ1993-JAI,
	author = "J. Garding",
	title = "Shape from texture and contour by weak isotropy",
	journal = jai,
	year = "1993",
	volume = "64",
	pages = "243--297",
	number = "2",
	optnote = "Surface orientaiton by weak isotropy"
}

@Article{ GeorghiadesA2001-PAMI,
	author = "A. Georghiades and P. Belhumeur and D. Kriegman",
	title = "From few to many: Illumination cone models for face recognition under variable lighting and pose",
	journal = pami,
	year = 2001,
	volume = 23,
	number = 6,
	pages = "643--660"
}

@InProceedings{ GeversT1997-CVPR,
	author = "T. Gevers and A. Smeulders",
	title = "Combining region splitting and edge detection through guided {D}elaunay image subdivision",
	booktitle = cvpr,
	year = "1997"
}

@Article{ GhahramaniZ1997,
	AUTHOR = "Z. Ghahramani and G. E. Hinton",
	TITLE = "The {EM} Algorithm for Mixtures of Factor Analyzers",
	JOURNAL = "Technical Report CRG-TR-96-1, Department of Computer Science, University of Toronto",
	PAGES = "",
	VOLUME = "",
	YEAR = "1996"
}

@Book{ GibsonJ1950,
	title = "The {P}erception of the {V}isual {W}orld",
	publisher = "Houghton Mifflin",
	year = "1950",
	author = "J. Gibson",
	optnote = "First book on texture gradient and surface orientation"
}

@Article{ GlachetR1993,
	author = "R. Glachet and J. T. Lapreste and M. Dhome",
	title = "Locating and modelling a flat symmetric object from a single perspective image",
	journal = "C{VGIP}: image understanding",
	year = "1993",
	volume = "57",
	pages = "219--226",
	number = "2",
	month = "March"
}

@Article{ GlowinskiR1975,
	author = "R.~Glowinski and A.~Marrocco",
	title = "Sur l'approximation par {\'e}l{'e}ments finis d'ordre un, et la r{'e}solution, par p{'e}nalisation-dualit{'e} d'une classe de probl{`e}mes de Dirichlet nonlin{'e}aires",
	journal = "Revue Francaise d'Automatique, Informatique, Recherche Op{\'e}rationnelle",
	volume = "9",
	number = "2",
	pages = "41--76",
	year = "1975"
}

@Article{ GnanadesikanR1972-Biometrics,
	author = "R. Gnanadesikan and J. Kettenring",
	title = "Robust estimates, residuals, and outlier detection with multiresponse data",
	journal = "Biometrics",
	year = "1972",
	volume = "28",
	pages = "81--124",
	number = "1"
}

@Book{ GolubG1996,
	author = "G. Golub and C. {Van Loan}",
	title = "Matrix computations",
	publisher = "The Johns Hopkins University Press",
	edition = "3",
	year = "1996"
}

@InProceedings{ Grauman2005-ICCV,
	author = "K.~Grauman and T.~Darrell",
	title = "The Pyramid Match Kernel: Discriminative Classification with Sets of Image Features",
	booktitle = "ICCV",
	year = "2005",
	pages = "1458--1465"
}

@Article{ GribonvalR2003-IT,
	author = "R.~Gribonval and M.~Nielsen",
	title = "Sparse representations in unions of bases",
	journal = it,
	volume = 49,
	number = 12,
	year = "2003",
	pages = "3320--3325"
}

@InProceedings{ GrossR2006,
	author = "R.~Gross and I.~Mathews and J.~Cohn and T.~Kanade and S.~Baker",
	title = "{Multi-PIE}",
	booktitle = "IEEE International Conference on Automatic Face and Gesture Recognition",
	year = "2006"
}

@Book{ GrunbaumB87,
	title = "Tilings and {P}atterns",
	publisher = "W. H. Freeman and Company",
	year = "1987",
	author = {B. Gr{\"u}nbaum and G. C. Shephard},
	optnote = "focus on 2-D tiling and ornaments. Contains complete mathematical description."
}

@Article{ GuyG1996-IJCV,
	author = "G. Guy and G. Medioni",
	title = "Inferring global perceptual contours from local features",
	journal = ijcv,
	year = "1996",
	volume = "20",
	pages = "113--133"
}

@TechReport{ HaleE2007,
	author = "E.~Hale and W.~Yin and Y.~Zhang",
	title = "A fixed-point continuation method for $\ell^1$-regularized minimization with applications to compressed sensing",
	institution = "Rice University, Houston, TX",
	number = "CAAM Technical Report TR07-07",
	year = "2007"
}

@Article{ HaleE2008-SJO,
	author = "E.~Hale and W.~Yin and Y.~Zhang",
	title = "Fixed-point continuation for $\ell^1$-minimization: methodology and convergence",
	journal = sjo,
	year = "2008"
}

@Book{ HampelF1986,
	title = "Robust statistics: the approach based on influence functions",
	publisher = "John Wiley {\&} Sons",
	year = "1986",
	author = "F. Hampel and E. Ronchetti and P. Rousseeuw and W. Stahel"
}

@InProceedings{ HanM-cvpr00,
	author = "M. Han and T. Kanade",
	title = "Reconstruction of a {S}cene with {M}ultiple {L}inearly {M}oving {O}bjects",
	booktitle = cvpr,
	year = "2000",
	volume = "2",
	pages = "542--549"
}

@Article{ HansenM2001,
	author = "M.H. Hansen and B. Yu",
	title = "Model Selection and the Principle of Minimum Description Length",
	journal = "Journal of American Statistical Association",
	year = 2001,
	volume = 96,
	pages = "746--774"
}

@Article{ HaralickR1985,
	author = "R. Haralick and L. Shapiro",
	title = "Image segmentation techniques",
	journal = "Computer Vision, Graphics, and Image Processing",
	year = "1985",
	pages = "100--132",
	volume = "29",
	number = "1"
}

@Book{ HarrisJ1992,
	title = "Algebraic {G}eometry: {A} {F}irst {C}ourse.",
	publisher = "Springer",
	year = "1992",
	author = "J. Harris"
}

@Book{ HartleyR2000,
	title = "Multiple {V}iew {G}eometry in {C}omputer {V}ision",
	publisher = "Cambridge University Press",
	year = "2000",
	author = "R. Hartley and A. Zisserman",
	address = "Cambridge"
}

@TechReport{ HastieT1984,
	author = "T. Hastie",
	title = "Principal curves and surfaces",
	institution = "Stanford University",
	year = "1984"
}

@Article{ HastieT1987,
	author = "T. Hastie and W. Stuetzle",
	title = "Principal {C}urves",
	journal = "Journal of {A}merican {S}tatistical {A}ssociation",
	year = "1987",
	volume = "84",
	pages = "502--516",
	number = "406"
}

@Book{ HeathM2002,
	author = "M. Heath",
	title = "Scientific computation: an introductory survey",
	edition = "2",
	year = "2002",
	publisher = "McGraw Hill"
}

@Article{ HeckerY1994-SYSMAN,
	author = "Y. C. Hecker and R. M. Bolle",
	title = "On geometric hashing and the generalized {H}ough transform",
	journal = sysman,
	year = "1994",
	volume = "24",
	pages = "1328--1338",
	number = "9",
	month = "September"
}

@InProceedings{ HeinzE2003,
	author = "E. Heinz and K. Kunze and S. Sulistyo",
	title = "Experimental evaluation of variations in primary features used for accelerometric context recognition",
	booktitle = eusai,
	year = 2003
}

@Article{ HertogD1992,
	author = "D.~Hertog and C.~Roos and T.~Terlaky",
	title = "On the classical logarithmic barrier function method for a class of smooth convex programming problems",
	journal = "Journal of Optimization Theory and Applications",
	volume = "73",
	number = "1",
	pages = "1--25",
	year = "1992"
}

@Article{ HeX2005-PAMI,
	author = "X. He and S. Yan and Y. Hu and P. Niyogi and H. Zhang",
	title = "Face recognition using {L}aplacianfaces",
	journal = pami,
	pages = "328--340",
	year = 2005,
	volume = 27,
	number = 3
}

@InProceedings{ HeX2006-ECCV,
	author = "X. He and R. Zemel and D. Ray",
	title = "Learning and incorporating top-down cues in image segmentation",
	booktitle = eccv,
	year = "2006"
}

@Book{ Hiriart-Urruty1996,
	author = "J.~Hiriart-Urruty and C.~Lemar{\'e}chal",
	title = "Convex analysis and minimization algorithms",
	publisher = "Springer-Verlag",
	year = "1996"
}

@InProceedings{ HoJ2003-CVPR,
	author = "J. Ho and M. Yang and J. Lim and K. Lee and D. Kriegman",
	title = "Clustering appearances of objects under varying illumination conditions",
	booktitle = cvpr,
	pages = "11--18",
	year = "2003"
}

@TechReport{ HongW2002-DL206,
	author = "W. Hong and A. Y. Yang and Y. Ma",
	title = "On group symmetry in multiple view geometry: structure, pose and calibration from single images",
	institution = "University of Illinois",
	year = "2002",
	number = "UILU-02-2208 DL-206, September 12",
	month = "September"
}

@MastersThesis{ HongW2003-Thesis,
	author = "W. Hong",
	title = "Geometry and reconstruction from symmetry",
	school = "University of Illinois at Urbana - Champaign",
	year = "2003",
	type = "M. S. thesis"
}

@InProceedings{ HongW2004-ECCV,
	author = "W. Hong and Y. Yu and Y. Ma",
	title = "Reconstruction of 3-{D} {S}ymmetric {C}urves from {P}erspective {I}mages without {D}iscrete {F}eatures",
	booktitle = eccv,
	year = "2004"
}

@Article{ HongW2004-IJCV,
	author = "W. Hong and A. Y. Yang and Y. Ma",
	title = "On {S}ymmetry and {M}ultiple {V}iew {G}eometry: {S}tructure, {P}ose and {C}alibration from a {S}ingle {I}mage",
	journal = ijcv,
	year = "2004",
	volume = "60",
	pages = "241--265",
	optmonth = "December"
}

@InProceedings{ HongW2005-ICCV,
	author = "W. Hong and J. Wright and K. Huang and Y. Ma",
	title = "A multi-scale hybrid linear model for lossy image representation",
	booktitle = iccv,
	year = "2005"
}

@TechReport{ HuangK2003-TR,
	author = "K. Huang and A. Y. Yang and W. Hong and Y. Ma",
	title = "Symmetry-based 3-{D} reconstruction from perspective images (part {II}): matching and reconstruction",
	institution = "University of Illinois at Urbana-Champaign",
	year = "2003",
	number = "No. UILU-ENG-03-2204",
	month = "April"
}

@InProceedings{ HuangK2004-CDC,
	author = "K. Huang and A. Wagner and Y. Ma",
	title = "Identification of hybrid linear time-invariant systems via subspace embedding and segmentation",
	booktitle = cdc,
	year = "2004"
}

@InProceedings{ HuangK2004-CVPR,
	author = "K. Huang and Y. Ma and R. Vidal",
	title = "Minimum effective dimension for mixtures of subspaces: a robust {GPCA} algorithm and its applications",
	booktitle = cvpr,
	year = "2004",
	pages = "631--638"
}

@InProceedings{ HuangK2004-ICIP,
	author = "K. Huang and A. Y. Yang and Y. Ma",
	title = "Sparse representation of images with hybrid linear models",
	booktitle = icip,
	year = "2004"
}

@InProceedings{ HuangQ1995-ICIP,
	author = "Q. Huang and B. Dom",
	title = "Quantitative methods of evaluating image segmentation",
	booktitle = icip,
	year = "1995"
}

@Article{ HuangT1989-PAMI,
	author = "T. Huang and O. Faugeras",
	title = "Some {P}roperties of {T}he {E} {M}atrix {I}n {T}wo-view {M}otion {E}stimation",
	journal = pami,
	year = "1989",
	volume = "11",
	pages = "1310--1312",
	number = "12",
	optnote = "Essential matrix"
}

@Book{ HuberP1981,
	title = "Robust statistics",
	publisher = "John Wiley {\&} Sons",
	year = "1981",
	author = "P. Huber"
}

@Article{ HubertL2000-SIAM,
	author = "L. Hubert and J. Meulman and W. Heiser",
	title = "Two purposes for matrix factorization: a historical appraisal",
	journal = "SIAM Review",
	year = "2000",
	volume = "42",
	pages = "68--82"
}

@InProceedings{ HuynhT2005,
	author = "T. Huynh and B. Schiele",
	title = "Analyzing features for activity recognition",
	booktitle = "Proceedings of the Joint Conference on Smart Objects and Ambient Intelligence",
	year = 2005
}

@InProceedings{ IraniM99,
	author = "M. Irani and P. Anandan and M. Cohen",
	title = "Direct recovery of planar-parallax from multiple frames",
	booktitle = "Workshop on vision algorithms",
	year = "1999",
	pages = "85--99"
}

@Book{ JainA1988,
	title = "Algorithms for {C}lustering {D}ata",
	publisher = "Prentice Hall",
	year = "1988",
	author = "A.K. Jain and R.C. Dubes",
	address = "New Jersey"
}

@Article{ JanceyR1966,
	author = "R. Jancey",
	title = "Multidimensional group analysis",
	journal = "Australian Journal of Botany",
	year = "1966",
	volume = "14",
	pages = "127--130"
}

@InProceedings{ JengS1996-ICPR,
	author = "S. Jeng and H. Liao and Y. Liu and M. Chern",
	title = "An efficient approach for facial feature detection using geometrical face model",
	booktitle = icpr,
	year = "1996",
	pages = "426--430",
	optnote = "face orientation model-based"
}

@InProceedings{ JohanssonB2000-ICPR,
	author = "B. Johansson and H. Knutsson and G. Granlund",
	title = "Detecting {R}otational {S}ymmetries using {N}ormalized {C}onvolution",
	booktitle = icpr,
	year = "2000",
	pages = "496--500",
	optnote = "rotational symmetry detection"
}

@Book{ JolliffeI2002,
	title = "Principal {C}omponent {A}nalysis",
	publisher = "Springer-Verlag",
	year = "2002",
	author = "I. Jollife",
	edition = "2nd"
}

@TechReport{ KahnP1987-TR,
	author = "P. Kahn and L. Kitchen and E. Riseman",
	title = "Real-time feature extraction: a fast line finder for vision-guided robot navigation",
	institution = "University of Massachusetts at Amherst",
	year = "1987",
	number = "COINS TR 87-57",
	month = "July"
}

@Article{ KahnP1990-PAMI,
	author = "P. Kahn and L. Kitchen and E. Riseman",
	title = "A fast line finder for vision-guided robot navigation",
	journal = pami,
	year = "1990",
	volume = "12",
	pages = "1098--1102",
	month = "November"
}

@TechReport{ KamvarS2002,
	author = "S. Kamvar and D. Klein and C. Manning",
	title = "Interpreting and extending classical agglomerative clustering methods using a model-based approach",
	institution = "Stanford University Department of Computer Science",
	number = "2002-11",
	year = "2002"
}

@Article{ KanadeT1981-AI,
	author = "T. Kanade",
	title = "Recovery of the {T}hree-{D}imensional {S}hape of an {O}bject from a {S}ingle {V}iew",
	journal = ai,
	year = "1981",
	volume = "17",
	pages = "409--460"
}

@InProceedings{ Kanatani2001-ICCV,
	author = "K. Kanatani",
	title = "Motion {S}egmentation by {S}ubspace {S}eparation and {M}odel {S}election",
	booktitle = iccv,
	year = "2001",
	volume = "2",
	pages = "586--591"
}

@Article{ KanataniK1997-PAMI,
	author = "K. Kanatani",
	title = "Comments on {S}ymmetry as a {C}ontinuous {F}eature",
	journal = pami,
	year = "1997",
	volume = "19",
	pages = "246--247"
}

@Article{ KanataniK2002,
	author = "K. Kanatani",
	title = "Motion segmentation by subspace separation: model selection and reliability evaluation.",
	journal = "International {J}ournal of {I}mage and {G}raphics",
	year = "2002",
	volume = "2",
	pages = "179--197"
}

@InProceedings{ KanataniK2002-ACCV,
	author = "K. Kanatani",
	title = "Estimating the number of independent motions for multibody segmentation",
	booktitle = accv,
	year = "2002",
	pages = "7--12"
}

@InProceedings{ KanataniK2002-ACCV2,
	author = "K. Kanatani",
	title = "Model selection for geometric inference",
	booktitle = accv,
	year = "2002"
}

@Article{ KanataniK2003,
	author = "K. Kanatani",
	title = "Motion segmentation by subspace separation: {M}odel selection and reliability evaluation",
	journal = "International {J}ournal of {I}mage and {G}raphics",
	year = "2003",
	volume = "2",
	pages = "179--197"
}

@InProceedings{ KanataniK2003-AJAWCV,
	author = "K. Kanatani and Y. Sugaya",
	title = "Multi-stage optimization for multi-body motion segmentation",
	booktitle = "Proceedings of the {A}ustralia-{J}apan {A}dvanced {W}orkshop on {C}omputer {V}ision",
	year = "2003",
	owner = "yangyang",
	timestamp = "2006.01.18"
}

@InProceedings{ KanungoT1994-CVPR,
	author = "T. Kanungo and B. Dom and W. Niblack and D. Steele",
	title = "A fast algorithm for {MDL}-based multi-band image segmentation",
	booktitle = cvpr,
	year = 1994
}

@Article{ KarmarkarN1984,
	author = "N.~Karmarkar",
	title = "A new polynomial time algorithm for linear programming",
	journal = "Combinatorica",
	volume = "4",
	year = "1984",
	pages = "373--395"
}

@InProceedings{ KaskiS1998,
	author = "S. Kaski",
	title = "Dimensionality reduction by random mapping",
	booktitle = "Proceedings of the IEEE International Joint Conference on Neural Networks",
	pages = "413--418",
	volume = "1",
	year = "1998"
}

@Article{ KassM1987-IJCV,
	author = "M. Kass and A. Witkin and D. Terzopoulos",
	title = "Snakes: active contour models",
	journal = ijcv,
	year = "1987",
	pages = "321--331"
}

@Book{ KelleyC1995,
	author = "C.~Kelley",
	title = "Iterative methods for linear and nonlinear equations",
	publisher = "SIAM",
	address = "Philadelphia",
	year = "1995"
}

@Article{ KemperH1977,
	author = "H. Kemper and R. Verschuur",
	title = "Validity and reliability of pedometers in habitual activity research",
	journal = "European Journal of Applied Physiology",
	volume = 37,
	year = 1977,
	pages = "71--82"
}

@InProceedings{ KernN2003,
	author = "N. Kern and B. Schiele and A. Schmidt",
	title = "Multi-sensor activity context detection for wearable computing",
	booktitle = eusai,
	year = 2003
}

@InProceedings{ KichenassamyS1994-ICCV,
	author = "S. Kichenassamy and A. Kumar and P. Olver and A. Tannenbaum and A. Yezzi",
	title = "Gradient flows and geometric active contour models",
	booktitle = iccv,
	year = "1995",
	pages = "810--815"
}

@InProceedings{ KimI2006,
	author = "I. Kim and J. Shim and J. Schlessman and W. Wolf",
	title = "Remote wireless face recognition employing {ZigBee}",
	booktitle = "Proceedings of the Distributed Smart Cameras Workshop",
	year = 2006
}

@Article{ KimJ2005-PAMI,
	author = "J. Kim and J. Choi and J. Yi and M. Turk",
	title = "Effective representation using {ICA} for face recognition robust to local distortion and partial occlusion",
	journal = pami,
	volume = "27",
	pages = "1977--1981",
	year = "2005"
}

@Article{ KimS2007,
	author = "S.~Kim and K.~Koh and M.~Lustig and S.~Boyd and D.~Gorinevsky",
	title = "An interior-point method for large-scale $\ell\_1$-regularized least squares",
	journal = "JSTSP",
	volume = "1",
	year = "2007",
	pages = "606--617"
}

@Article{ KiryatiN1998-IJCV,
	author = "N. Kiryati and Y. Gofman",
	title = "Detecting symmetry in grey level images: the global optimization approach",
	journal = ijcv,
	year = "1998",
	volume = "29",
	pages = "29--45",
	month = "August",
	optnote = "2-D reflectional symmetry detection"
}

@InProceedings{ KlausnerA2007-ICDSC,
	author = "A. Klausner and A. Tengg and B. Rinner",
	title = "Vehicle classifcation on multi-sensor smart cameras using feature- and decision-fusion",
	booktitle = icdsc,
	year = 2007
}

@Article{ KojimaM1993,
	author = "M.~Kojima and N.~Megiddo and S.~Mizuno",
	title = "Theoretical convergence of large-step primal-dual interior point algorithms for linear programming",
	journal = "Mathematical Programming",
	volume = "59",
	pages = "1--21",
	year = "1993"
}

@InProceedings{ KoseckaJ2002-ECCV,
	author = "J. Ko\v{s}eck{\'a} and W. Zhang",
	title = "Video {C}ompass",
	booktitle = eccv,
	year = "2002",
	pages = "476--491"
}

@Article{ KoseckaJ2006-CVIU,
	author = "J. Ko\v{s}eck{\'a} and W. Zhang",
	title = "Extraction, matching and pose recovery based on dominant rectangular structures",
	journal = cviu,
	year = "Accepted, 2005"
}

@Book{ LangS2002,
	author = "S. Lang",
	title = "Algebra",
	publisher = "Springer-Verlag",
	year = "2002"
}

@Article{ LathauwerL2000-SIAM,
	author = "L. {De Lathauwer} and B. {De Moor} and J. Vandewalle",
	title = "A multilinear singular value decomposition",
	journal = "SIAM Journal on Matrix Analysis and Applications",
	year = "2000",
	volume = "21",
	number = "4",
	pages = "1253--1278"
}

@Article{ LebegueX1993-PAMI,
	author = "X. Leb{\'e}gue and J. Aggarwal",
	title = "Significant line segments for an indoor mobile robot",
	journal = pami,
	year = "1993",
	volume = "9",
	pages = "801--815",
	number = "6",
	month = "December"
}

@Article{ LeeD1999-Nature,
	author = "D. Lee and H. Seung",
	title = "Learning the parts of objects by non-negative matrix factorization",
	journal = "Nature",
	year = "1999",
	volume = "401",
	pages = "788--793"
}

@Article{ LeeK2005-PAMI,
	author = "K. Lee and J. Ho and D. Kriegman",
	title = "Acquiring linear subspaces for face recognition under variable lighting",
	journal = pami,
	year = "2005",
	pages = "684--698",
	volume = "27",
	number = "5"
}

@InProceedings{ LeibeB2005-CVPR,
	author = "B.~Leibe and E.~Seemann and B.~Schiele",
	title = "Pedestrian detection in crowded scenes",
	booktitle = cvpr,
	year = 2005,
	pages = "878--885"
}

@Article{ LeonardisA2002-PR,
	author = "A. Leonardis and H. Bischof and J. Maver",
	title = "Multiple {E}igenspaces",
	journal = "Pattern {R}ecognition",
	year = "2002",
	volume = "35",
	pages = "2613--2627",
	number = "11",
	month = "October"
}

@InProceedings{ LeungT1997-CVPR,
	author = "T. Leung and J. Malik",
	title = "On Perpendicular Texture or: {W}hy do we see more flowers in the distance?",
	booktitle = cvpr,
	year = "1997",
	pages = "807--813",
	optnote = "texture gradient occlusion, foreshortening and illumination"
}

@InProceedings{ LevinaE2001-ICCV,
	author = "E. Levina and P. Bickel",
	title = "The earth mover's distance is the {Mallows} distance: some insights from statistics",
	booktitle = iccv,
	year = "2001",
	pages = "251--256"
}

@InProceedings{ LiangB2002-ICRA,
	author = "Bojian Liang and Nick Pears",
	title = "Visual {N}avigation using {P}lanar {H}omographies",
	booktitle = icra,
	year = "2002",
	pages = "205--210",
	optnote = "elementary homography-based navigation"
}

@TechReport{ libpmk,
	author = "J.~Lee",
	title = "LIBPMK: A pyramid match toolkit",
	institution = "MIT CSAIL",
	year = "2008",
	number = "MIT-CSAIL-TR-2008-017"
}

@InProceedings{ LiebowitzD1998-CVPR,
	author = "D. Liebowitz and A. Zisserman",
	title = "Detecting {R}otational {S}ymmetries using {N}ormalized {C}onvolution",
	booktitle = cvpr,
	year = "1998",
	pages = "482--488"
}

@Article{ LionsP1979,
	author = "P.~Lions and B.~Mercier",
	title = "Splitting algorithms for the sum of two nonlinear operators",
	journal = "SIAM Journal on Numerical Analysis",
	volume = "16",
	pages = "964--979",
	year = "1979"
}

@Article{ LiP2007,
	author = "P.~Li and T.~Hastie and K.~Church",
	title = "Nonlinear estimators and tail bounds for dimension reduction in {$\ell\_1$} using {Cauchy} random projections",
	journal = "Journal of Machine Learning Research",
	volume = "8",
	pages = "2497--2532",
	year = "2007"
}

@InProceedings{ LiS2001-CVPR,
	author = "S. Li and X. Hou and H. Zhang and Q. Cheng",
	title = "Learning spatially localized, parts-based representation",
	booktitle = cvpr,
	pages = "1--6",
	year = "2001"
}

@Article{ LiuC2006-PAMI,
	author = "C. Liu",
	title = "Capitalize on dimensionality increasing techniques for improving face recognition grand challenge performance",
	journal = pami,
	year = "2006",
	volume = 28,
	number = 5,
	pages = "725--737"
}

@InProceedings{ LiuC2008-ECCV,
	author = "C.~Liu and J.~Yuen and A.~Torralba and J.~Sivic and W.~Freeman",
	title = "{SIFT} flow: dense correspondence across different scenes",
	booktitle = eccv,
	year = 2008
}

@InProceedings{ LiuY2000-CVPR,
	author = "Y. Liu and R. T. Collins",
	title = "A computational model for repeated pattern perception using {F}riez and wallpaper groups",
	booktitle = cvpr,
	year = "2000"
}

@Article{ LiW1981,
	author = "W. Li and S. Li",
	title = "On generators of ideals associated with unions of linear varieties",
	journal = "Bulletin of the {L}ondon {M}ath {S}ociety",
	year = "1981",
	volume = "13",
	pages = "59--65"
}

@Article{ LloydS1957,
	author = "S. Lloyd",
	title = "Least squares quantization in {PCM}",
	journal = "{IEEE} Transactions on Information Theory",
	year = "1982",
	volume = "28",
	pages = "127--135",
	number = "2",
	month = "March"
}

@Article{ LonguevilleM2001,
	author = "M. de Longueville and C. Schultz",
	title = "The cohomology rings of complements of subspace arrangements",
	journal = "Math. {A}nn.",
	year = "2001",
	volume = "319",
	pages = "625--646",
	owner = "rmfossum",
	timestamp = "2006.01.15"
}

@Article{ LorisI2009,
	author = "I.~Loris",
	title = "On the performance of algorithms for the minimization of $\ell_1$-penalized functionals",
	journal = "Inv. Prob.",
	year = 2009,
	volume = 25,
	pages = "1--16"
}

@InProceedings{ LourakisM2002,
	author = "M. Lourakis and A. Argyros and S. Orphanoudakis",
	title = "Detecting planes in an uncalibrated image pair",
	booktitle = "British {M}achine {V}ision {C}onference",
	year = "2002",
	pages = "587--596"
}

@InProceedings{ LoweD1999-ICCV,
	author = "D. Lowe",
	title = "Object recognition from local scale-invariant features",
	booktitle = iccv,
	year = "1999"
}

@InProceedings{ LuccheseL2001,
	author = "L. Lucchese and S. Mitra",
	title = "Color image segmentation: a state-of-the-art survey",
	booktitle = "Proceedings of the Indian National Science Academy",
	year = 2001
}

@InProceedings{ LukowiczP2004,
	author = {P. Lukowicz and J. Ward and H. Junker and M. St{\"a}ger and G. Tr{\"o}ster and A. Atrash and T. Starner},
	title = "Recognizing workshop activity using body worn microphones and accelerometers",
	booktitle = pervasive,
	year = 2004
}

@InProceedings{ MacQueenJ1967,
	author = "J. MacQueen",
	title = "Some methods for classification and analysis of multivariate observations",
	booktitle = "Proceedings of the {F}ifth {B}erkeley {S}ymposium on {M}athematical {S}tatistics and {P}robability",
	year = "1967",
	pages = "281--297"
}

@InProceedings{ MadimanM2004,
	Author = "M. Madiman and M. Harrison and I. Kontoyiannis",
	Booktitle = "Proceedings of the 2004 IEEE International Symposium on Information Theory",
	Title = "Minimum Description Length vs. Maximum Likelihood in Lossy Data Compression",
	Year = "2004"
}

@Article{ MahamudS2003-PAMI,
	author = "S. Mahamud and L. R. Williams and K. K. Thornber and K. Xu",
	title = "Segmentation of multiple salient closed contours from real images",
	journal = pami,
	year = "2003",
	volume = "25",
	pages = "433--444",
	number = "4"
}

@InProceedings{ MajiS2008-CVPR,
	author = "S.~Maji and A.~Berg and J.~Malik",
	title = "Classification using intersection kernel support vector machines is efficient",
	booktitle = "CVPR",
	year = "2008"
}

@Article{ MalekiA2009,
	author = "A.~Maleki and D.~Donoho",
	title = "Optimally tuned iterative reconstruction algorithms for compressed sensing",
	journal = "preprint",
	year = "2009"
}

@Article{ MalgouyresF2007,
	author = "F.~Malgouyres and T.~Zeng",
	title = "A predual proximal point algorithm solving a nonnegative basis pursuit denoising model",
	journal = "print",
	year = 2007
}

@Article{ MalikJ1997-IJCV,
	author = "J. Malik and R. Rosenholtz",
	title = "Computing {L}ocal {S}urface {O}rientation and {S}hape from {T}exture for {C}urved {S}urfaces",
	journal = ijcv,
	year = "1997",
	volume = "23",
	pages = "149--168"
}

@Article{ MalikJ2001-IJCV,
	author = "J. Malik and S. Belongie and T. Leung and J. Shi",
	title = "Contour and texture analysis for image segmentation",
	journal = ijcv,
	year = "2001",
	volume = "43",
	pages = "7--27",
	number = "1"
}

@InProceedings{ MalioutovD2005,
	author = "D.~Malioutov and M.~Cetin and A.~Willsky",
	title = "Homotopy continuation for sparse signal representation",
	booktitle = "ICASSP",
	year = "2005"
}

@Article{ MalladiR1995-PAMI,
	author = "R. Malladi and J. A. Sethian and B. C. Vemuri",
	title = "Shape modeling with front propagation: a level set approach",
	journal = pami,
	year = "1995",
	volume = "17",
	pages = "158--175",
	number = "2"
}

@Article{ MallatS1993,
	author = "S.~Mallat and Z.~Zhang",
	title = "Matching pursuits with time-frequency dictionaries",
	journal = sp,
	volume = 41,
	number = 12,
	pages = "3397--3415",
	year = 1993
}

@Article{ MallowsC1973,
	Author = "C.L. Mallows",
	Journal = "Technometrics",
	Pages = "661--675",
	Title = "Some comments on {$C\_p$}",
	Volume = "15",
	Year = "1973"
}

@Article{ ManjunathB1991-PAMI,
	author = "B. Manjunath and R. Chellappa",
	title = "Unsupervised texture segmentation using {M}arkov random field models",
	journal = pami,
	year = "1991",
	volume = "13",
	number = "5",
	pages = "478--482"
}

@InProceedings{ ManorL2003-CVPR,
	author = "L. Zelnik-{M}anor and M. Irani",
	title = "Degeneracies, dependencies and their implications in multi-body and multi-sequence factorization",
	booktitle = cvpr,
	year = "2003"
}

@InProceedings{ MantyjarviJ2001,
	author = "J. Mantyjarvi and J. Himberg and T. Seppanen",
	title = "Recognizing human motion with multiple acceleration sensors",
	booktitle = "Proceedings of the {IEEE} International Conference on Systems, Man and Cybernetics",
	year = 2001
}

@Article{ MarolaG1989-PAMI,
	author = "G. Marola",
	title = "On the {D}etection of the {A}xes of {S}ymmetry of {S}ymmetric and {A}lmost {S}ymmetric {P}lanar {I}mages",
	journal = pami,
	year = "1989",
	volume = "11",
	pages = "104--108",
	number = "1",
	month = "January",
	optnote = "compute the axes of 2-D reflectional symmetry without projection"
}

@Book{ MarrD1982,
	title = "Vision",
	publisher = "W. H. Freeman and Company",
	year = "1982",
	author = "D. Marr"
}

@InProceedings{ MartinD2001-ICCV,
	author = "D. Martin and C. Fowlkes and D. Tal and J. Malik",
	title = "A database of human segmented natural images and its application to evaluating segmentation algorithms and measuring ecological statistics",
	booktitle = iccv,
	year = "2001",
	pages = "416--423"
}

@Article{ MartinD2004-PAMI,
	author = "D. Martin and C. Fowlkes and J. Malik",
	title = "Learning to detect natural image boundaries using local brightness, color, and texture cues",
	journal = pami,
	year = "2004",
	volume = "26",
	number = "1",
	month = "January",
	pages = "1--20"
}

@TechReport{ MartinezA1998,
	author = "A. Martinez and R. Benavente",
	title = "The {AR} face database",
	institution = "CVC Technical Report No. 24",
	year = "1998"
}

@Book{ MartinG1975,
	title = "The {F}oundations of {G}eometry and the {N}on-{E}uclidean {P}lane",
	publisher = "Springer-Verlag",
	year = "1975",
	author = "George E. Martin"
}

@InProceedings{ MatasJ2002-BMVC,
	author = "J.~Matas and O.~Chum and M.~Urban and T.~Pajdla",
	title = "Robust wide baseline stereo from maximally stable extremal regions",
	booktitle = "British Machine Vision Conference",
	year = "2002"
}

@InProceedings{ MaY2000-ECCV,
	author = "Y. Ma and R. Vidal and J. Ko\v{s}eck{\'a} and S. Sastry",
	title = "Kruppa's {E}quations {R}evisited: its {D}egeneracy, {R}enormalization, and {R}elations to {C}hirality",
	booktitle = eccv,
	year = "2000",
	opturl = "http://black1.csl.uiuc.edu/~yima/publication.html"
}

@InProceedings{ MaY2002-ACCV,
	author = "Y. Ma and J.Ko\v{s}eck{\'a} and K. Huang",
	title = "Rank {D}eficiency {C}ondition of the {M}ultiple {V}iew {M}atrix for {M}ixed {P}oint and {L}ine {F}eatures",
	booktitle = accv,
	year = "2002",
	opturl = "http://black1.csl.uiuc.edu/~yima/publication.html"
}

@Book{ MaY2003,
	title = "An {I}nvitation to 3-{D} {V}ision, {F}rom {I}mages to {M}odels",
	publisher = "Springer-Verlag",
	year = "2004",
	author = "Y. Ma and J. Ko\v{s}eck{\'a} and S. Soatto and S. Sastry",
	address = "New York"
}

@InProceedings{ MaY2005,
	author = "Y. Ma and R. Vidal",
	title = "A closed form solution to the identification of hybrid {ARX} models via the identification of algebraic varieties",
	booktitle = "International Conference on Hybrid Systems Computation and Control",
	year = "2005"
}

@Article{ MaY2007-PAMI,
	author = "Y. Ma and H. Derksen and W. Hong and J. Wright",
	title = "Segmentation of multivariate mixed data via lossy coding and compression",
	journal = "To appear in IEEE Transactions on Pattern Analysis and Machine Intelligence",
	year = "2007"
}

@Article{ MaY2007-SIAM,
	author = "Y. Ma and A. Yang and H. Derksen and R. Fossum",
	title = "Estimation of subspace arrangements with applications in modeling and segmenting mixed data",
	journal = "To appear in SIAM Review",
	year = 2006
}

@Book{ Maybank1993,
	title = "Theory of {R}econstruction from {I}mage {M}otion.",
	publisher = "Springer-Verlag",
	year = "1993",
	author = "S. Maybank",
	series = "Springer Series in Information Sciences"
}

@Book{ McLachlanG1997,
	title = "The {EM} algorithm and extensions",
	publisher = "John Wiley {\&} Sons",
	year = "1997",
	author = "G. McLachlan and T. Krishnan"
}

@Book{ McLachlanG2001,
	title = "Finite mixture models",
	publisher = "John Wiley {\&} Sons",
	year = "2001",
	author = "G. McLachlan and D. Peel"
}

@Article{ MeerP2001-PAMI,
	author = "P. Meer and B. Georgescu",
	title = "Edge detection with embedded confidence",
	journal = pami,
	year = "2001",
	volume = "23",
	pages = "1351--1365",
	number = "12",
	optmonth = "December"
}

@Misc{ MeerPWeb,
	author = "P. Meer and B. Georgescu",
	title = "Edge {D}etection with {E}mbedded {C}onfidence",
	url = "http://www.caip.rutgers.edu/ riul/research/robust.html"
}

@InProceedings{ MegiddoN1989,
	author = "N.~Megiddo",
	title = "Pathways to the optimal set in linear programming",
	booktitle = "Progress in Mathematical Programming: Interior-Point and Related Methods",
	year = "1989",
	pages = "131--158"
}

@InProceedings{ MeilaM2005-ICML,
	author = "M. Meila",
	title = "Comparing Clusterings: an Axiomatic View",
	booktitle = "Proc. International Conference on Machine Learning",
	year = "2005",
	pages = "577--584"
}

@InProceedings{ MenetS1990,
	author = "S. Menet and P. Saint-Marc and Gerard Medioni",
	title = "Active contour models: overview, implementation and applications",
	booktitle = "I{EEE} {I}nter. {C}onf. on {S}ystems, {M}an and {C}ybernetics",
	year = "1990"
}

@InProceedings{ MicusikB2008,
	author = "B.~Mi\v{c}u\v{s}{\'i}k and H.~Wildenauer and J.~Ko\v{s}eck{\'a}",
	title = "Detection and matching of rectilinear structures",
	booktitle = cvpr,
	year = 2008
}

@Article{ MikolajczykK2005-IJCV,
	author = "K.~Mikolajczyk and T.~Tuytelaars and C.~Schmid and A.~Zisserman and J.~Matas and F.~Schaffalitzky and T.~Kadir and {L.~{Van Gool}}",
	title = "A comparison of affine region detectors",
	journal = ijcv,
	year = 2005,
	volume = 65,
	number = "1--2",
	pages = "43--72"
}

@Article{ MitsumotH1992-PAMI,
	author = "H. Mitsumoto and S. Tamura and K. Okazaki and Y. Fukui",
	title = "3-{D} {R}econstruction {U}sing {M}irror {I}mages {B}ased on a {P}lane {S}ymmetry {R}ecovering {M}ethod",
	journal = pami,
	year = "1992",
	volume = "14",
	pages = "941--946",
	number = "9",
	month = "September"
}

@Article{ MokhtarianF1992-PAMI,
	author = "Farzin Mokhtarian and Alan K. Mackworth",
	title = "A {T}heory of {M}ultiscale, {C}urvature-{B}ased {S}hape {R}epresentation for {P}lanar {C}urves",
	journal = pami,
	year = "1992",
	volume = "14",
	pages = "789--805",
	number = "8",
	optmonth = "August"
}

@Article{ MokhtarianF1998-PAMI,
	author = "Farzin Mokhtarian and Riku Suomela",
	title = "Robust {I}mage {C}orner {D}etection through {C}urvature {S}cale {S}pace",
	journal = pami,
	year = "1998",
	volume = "20",
	pages = "1376--1381",
	number = "12",
	optmonth = "December"
}

@Article{ MonteiroR1989-I,
	author = "R.~Monteiro and I.~Adler",
	title = "Interior path following primal-dual algorithms. {P}art {I}: Linear programming",
	journal = "Mathematical Programming",
	volume = "44",
	pages = "27--41",
	year = "1989"
}

@Article{ MonteiroR1989-II,
	author = "R.~Monteiro and I.~Adler",
	title = "Interior path following primal-dual algorithms. {P}art {II}: Convex quadratic programming",
	journal = "Mathematical Programming",
	volume = "44",
	pages = "43--66",
	year = "1989"
}

@InProceedings{ MoriG2005-ICCV,
	author = "G. Mori",
	title = "Guiding model search using segmentation",
	booktitle = iccv,
	year = "2005"
}

@Article{ MorrillJ1998,
	author = "J. Morrill",
	title = "Distributed recognition of patterns in time series data",
	journal = "Communications of the {ACM}",
	volume = 41,
	number = 5,
	year = 1998,
	pages = "45--51"
}

@Article{ MukherjeeD1995,
	author = "D. P. Mukherjee and A. Zisserman and J. M. Brady",
	title = "Shape from {S}ymmetry---{D}etecting and {E}xploiting {S}ymmetry in {A}ffine {I}mages",
	journal = "Philosophical {T}ransactions of the {R}oyal {S}ociety of {L}ondon, {S}eries {A}",
	year = "1995",
	volume = "351",
	pages = "77--106",
	optnote = "reflectional symmetry detection ",
	opturl = "http://www.robots.ox.ac.uk/~vgg"
}

@Book{ MundyJ1993,
	title = "Applications of invariance in computer vision",
	publisher = "Springer-Verlag",
	year = "1994",
	author = "J. Mundy and A. Zisserman and D. Forsyth"
}

@InProceedings{ MundyJ1994,
	author = "J. L. Mundy and A. Zisserman",
	title = "Repeated structures: image correspondence constraints and 3{D} structure recovery",
	booktitle = "Applications of invariance in computer vision",
	year = "1994",
	pages = "89--106"
}

@InProceedings{ MurphyM2010,
	author = "M.~Murphy and K.~Keurzer and S.~Vasanawala and M.~Lustig",
	title = "Clinically feasible reconstruction for {L1-SPIRiT} parallel imaging and compressed sensing MRI",
	booktitle = "Joint Annual Meeting of Int. Soc. for Mag. Res. in Med.",
	year = "2010"
}

@Book{ MurrayR1994,
	title = "A {M}athematical {I}ntroduction to {R}obotic {M}anipulation",
	publisher = "CRC Press",
	year = "1994",
	author = "R. Murray and Zexiang Li and S. Sastry",
	address = "Florida"
}

@InProceedings{ MutchJ2006-CVPR,
	author = "J. Mutch and D. Lowe",
	title = "Multiclass object recognition with sparse, localized features",
	booktitle = cvpr,
	pages = "17--22",
	volume = 1,
	year = 2006
}

@Article{ NajafiB2003-IEEEBE,
	author = {B. Najafi and K. Aminian and A. Parschiv-Ionescu and F. Loew and C. B{\"u}la and P. Robert},
	title = "Ambulatory system for human motion analysis using a kinematic sensor: Monitoring of daily physical activity in the elderly",
	journal = ieeebe,
	volume = 50,
	number = 6,
	year = 2003,
	pages = "711--723"
}

@Article{ NeedellD2008,
	author = "D.~Needell and J.~Tropp",
	title = "{CoSaMP}: Iterative signal recovery from incomplete and inaccurate samples",
	journal = "Appl. Comp. Harmonic Anal.",
	volume = "26",
	pages = "301--321",
	year = "2008"
}

@TechReport{ NeneS1996,
	author = "S.~Nene and S.~Nayar and H.~Murase",
	title = "Columbia object image library ({COIL}-100)",
	institution = "Columbia University CUCS-006-96",
	year = 1996
}

@Article{ NesterovY1983-SMD,
	author = "Y.~Nesterov",
	title = "A method of solving a convex programming problem with convergence rate \textit{O}$(1/k^2)$",
	journal = "Soviet Mathematics Doklady",
	volume = "27",
	number = "2",
	pages = "372--376",
	year = "1983"
}

@Book{ NesterovY2004,
	author = "Y.~Nesterov",
	title = "Introductory Lectures on Convex Optimization: A Basic Course",
	publisher = "Kluwer Academic Publishers",
	address = "Norwell, Massachusetts",
	year = "2004"
}

@Article{ NesterovY2004-MP,
	author = "Y.~Nesterov",
	title = "Smooth minimization of non-smooth functions",
	journal = "Mathematical Programming",
	volume = "103",
	number = "1",
	year = "2004",
	pages = "127--152"
}

@Article{ NesterovY2007,
	author = "Y.~Nesterov",
	title = "Gradient methods for minimizing composite objective function",
	journal = "ECORE Discussion Paper",
	year = "2007"
}

@InProceedings{ NgA2001-NIPS,
	author = "A. Ng and Y. Weiss and M. Jordan",
	title = "On {S}pectral {C}lustering: analysis and an algorithm",
	booktitle = nips,
	year = "2001",
	pages = "1"
}

@InProceedings{ NisterD2006-CVPR,
	author = "D.~Nist{\'e}r and H.~Stew{\'e}nius",
	title = "Scalable recognition with a vocabulary tree",
	booktitle = cvpr,
	year = 2006
}

@Book{ NocedalJ2006,
	author = "J.~Nocedal and S.~Wright",
	title = "Numerical Optimization",
	edition = "2rd",
	publisher = "Springer",
	address = "New York",
	year = "2006"
}

@Article{ OlivaA2001-IJCV,
	author = "A. Oliva and A. Torralba",
	title = "MOdeling the shape of the scene: a holistic representation of the spatial envelope",
	journal = ijcv,
	year = 2001
}

@Article{ OlshausenB1996,
	author = "B. Olshausen and D. Field",
	title = "Natural image statistics and efficient coding",
	journal = "Network: Computation in Neural Systems",
	year = "1996",
	volume = "7",
	pages = "333--339"
}

@Article{ OramM1994,
	author = "M.~Oram and D.~Perrett",
	title = "Modeling visual recognition from neurobiological constraints",
	journal = "Neural Networks",
	volume = 7,
	pages = "945--972",
	year = 1994
}

@Book{ OrlikP1989,
	title = "Introduction to {A}rrangements",
	publisher = "American Mathematics Society",
	year = "1989",
	author = "P. Orlik",
	volume = "72"
}

@Article{ OsborneM2000,
	author = "M.~Osborne and B.~Presnell and B.~Turlach",
	title = "A new approach to variable selection in least squares problems",
	journal = "IMA J. of Num. Ana.",
	year = "2000",
	volume = "20",
	pages = "389--404"
}

@InProceedings{ OuattoniA2008-CVPR,
	author = "A.~Quattoni and M.~Collins and T.~Darrell",
	title = "Transfer learning for image classification with sparse prototype representations",
	booktitle = cvpr,
	year = 2008
}

@Book{ OverscheeP1996,
	title = "Subspace {I}dentification for {L}inear {S}ystems",
	publisher = "Kluwer Academic",
	year = "1996",
	author = "P. {Van Overschee} and B. de Moor"
}

@Book{ PalmerS1999,
	title = "Vision {S}cience: {P}hotons to {P}henomenology",
	publisher = "The MIT Press",
	year = "1999",
	author = "S. E. Plamer",
	optnote = "vision psychology"
}

@Article{ PanjwaniD1995-PAMI,
	title = "Markov random field models for unsupervised segmentation of textured color images",
	author = "D. Panjwani and G. Healey",
	journal = pami,
	year = "1995",
	volume = "17",
	number = "10",
	pages = "939--954"
}

@TechReport{ PantofaruC2005,
	author = "C. Pantofaru and M. Hebert",
	title = "A comparison of image segmentation algorithms",
	institution = "CMU",
	year = "2005",
	number = "CMU-RI-TR-05-40"
}

@TechReport{ PhillipsP2007_1,
	author = "P. Phillips and W. Scruggs and A. O'Tools and P. Flynn and K. Bowyer and C. Schott and M. Sharpe",
	title = "{FRVT} 2006 and {ICE} 2006 large-scale results",
	institution = "NIST",
	year = "2007",
	number = "NISTIR 7408"
}

@InProceedings{ PirttikangasS2006,
	author = "S. Pirttikangas and K. Fujinami and T. Nakajima",
	title = "Feature selection and activity recognition from wearable sensors",
	booktitle = ucs,
	year = 2006
}

@InProceedings{ PlumbleyM2006,
	author = "M.~Plumbley",
	title = "Recovery of sparse representations by polytope faces pursuit",
	booktitle = "Proceedings of International Conference on Independent Component Analysis and Blind Source Separation",
	year = 2006,
	pages = "206--213"
}

@Article{ PritchettP98,
	author = "P. Pritchett and A. Zisserman",
	title = "Matching and {R}econstruction from {W}idely {S}eparated {V}iews",
	journal = "Lecture {N}otes in {C}omputer {S}cience",
	year = "1998",
	volume = "1506",
	pages = "78--92"
}

@Article{ RandW1971-JASA,
	author = "W. Rand",
	title = "Objective Criteria for the Evaluation of Clustering Methods",
	journal = "Journal of the American Statistical Association",
	year = "1971",
	volume = "66",
	pages = "846--850"
}

@InProceedings{ RaoB1996,
	author = "B.~Rao",
	title = "Analysis and extensions of the {FOCUSS} algorithm",
	booktitle = "The Thirtieth Asilomar Conference on Signals, Systems and Computers",
	year = 1996
}

@InProceedings{ RaoS2005-ICCV,
	author = "S. Rao and A. Yang and A. Wagner and Y. Ma",
	title = "Segmentation of hybrid motions via hybrid quadratic surface analysis",
	booktitle = iccv,
	year = "2005"
}

@InProceedings{ RenX2003-ICCV,
	author = "X. Ren and J. Malik",
	title = "Learning a classification model for segmentation",
	booktitle = iccv,
	year = "2003"
}

@InProceedings{ RiesenhuberM2000,
	author = "M.~Riesenhuber and T.~Poggio",
	title = "{CBF}: A new framework for object categorization in cortex",
	booktitle = "Proceedings of International Workshop on Biologically Motivated Computer Vision",
	pages = "1--9",
	year = 2000
}

@Article{ RissanenJ1978,
	Author = "J. Rissanen",
	Journal = "Automatica",
	Pages = "465--471",
	Title = "Modeling by shortest data description",
	Volume = "14",
	Year = "1978"
}

@Article{ RosenholtzR1997-VR,
	author = "R. Rosenholtz and J. Malik",
	title = "Surface {O}rientation from {T}exture: {I}sotropy or {H}omogeneity(or {B}oth)?",
	journal = vr,
	year = "1997",
	volume = "37",
	pages = "2283--2293",
	number = "16"
}

@InProceedings{ RothwellC1993-ICCV,
	author = "C. A. Rothwell and D. A. Forsyth and A. Zisserman and J. L. Mundy",
	title = "Extracting {P}rojective {S}tructure from {S}ingle {P}erspective {V}iews of 3{D} {P}oint {S}ets",
	booktitle = iccv,
	year = "1993",
	pages = "573--582"
}

@Article{ RousseeuwC1984,
	author = "P. Rousseeuw",
	title = "Least median of squares regression",
	journal = jasa,
	year = "1984",
	volume = "79",
	pages = "871--880"
}

@Book{ RousseeuwC1987,
	title = "Robust regression and outlier detection",
	publisher = "John Wiley {\&} Sons",
	year = "1987",
	author = "P. Rousseeuw and A. Leroy"
}

@Article{ RoweisS2000-SCI,
	author = "S. Roweis and L. K. Saul",
	title = "Nonlinear {D}imensionality {R}eduction by {L}ocally {L}inear {E}mbedding",
	journal = "S{CIENCE}",
	year = "2000",
	volume = "290",
	pages = "2323--2326"
}

@Article{ RubnerY2000-IJCV,
	author = "Y. Rubner and C. Tomasi and L. Guibas",
	title = "The earth mover's distance as a metric for image retrieval",
	journal = ijcv,
	year = "2000",
	volume = 40,
	number = 2,
	pages = "99--121"
}

@Article{ RubnerY2001-CVIU,
	author = "Y. Rubner and J. Puzicha and C. Tomasi and J. Buhmann",
	title = "Empirical evaluation of disimilarity measures for color and texture",
	journal = cviu,
	year = "2001",
	volume = "84",
	pages = "25--43"
}

@InProceedings{ RussellB2006-CVPR,
	author = "B. Russell and A. Efros and J. Sivic and W. Freeman and A. Zisserman",
	title = "Using multiple segmentations to discover objects and their extent in image collections",
	booktitle = cvpr,
	year = "2006"
}

@InProceedings{ SadlerC2006,
	author = "C. Sadler and M. Martonosi",
	title = "Data compression algorithms for energy-constrained devices in delay tolerant networks",
	booktitle = "Proceedings of the {ACM} Conference on Embedded Networked Sensor Systems",
	pages = "265--278",
	year = 2006
}

@Article{ SampsonP-82,
	Author = "P. Sampson",
	Journal = "Computer Vision, Graphics and Image Processing",
	Pages = "97--108",
	Title = "Fitting conic section to ``very scattered'' data: an iterative refinement of the bookstein algorithm",
	Volume = "18",
	Year = "1982"
}

@Article{ SarkarS1993-PAMI,
	author = "S. Sarkar and K. L. Boyer",
	title = "Integration, inference, and management of spatial information using bayesian networks: perceptual organization",
	journal = pami,
	year = "1993",
	volume = " 15",
	pages = "256--274",
	number = "3",
	optmonth = "March"
}

@InProceedings{ SavvidesM2006,
	author = "M. Savvides and R. Abiantun and J. Heo and S. Park and C. Xie and B. Vijayakumar",
	title = "Partial and holistic face recognition on {FRGC-II} data using support vector machine kernel correlation feature analysis",
	booktitle = "CVPR Workshop",
	year = "2006"
}

@InProceedings{ SchaffalitzkyF2002-ECCV,
	author = "F. Schaffalitzky and A. Zisserman",
	title = "Multi-view matching for unordered image sets",
	booktitle = eccv,
	year = "2002",
	pages = "414--431"
}

@InProceedings{ SchindlerK2005-CVPR,
	author = "K. Schindler and D. Suter",
	title = "Two-view multibody structure-and-motion with outliers",
	booktitle = cvpr,
	year = "2005"
}

@InProceedings{ SchmidC2001-CVPR,
	author = "C. Schmid",
	title = "Constructing modelss for content-based image retrieval",
	booktitle = cvpr,
	year = "2001"
}

@Article{ ScholkopfB1998,
	author = "B. Scholkopf and A. Smola and K. Muller",
	title = "Nonlinear component analysis as a kernel eigenvalue problem",
	journal = "Neural {C}omputation",
	year = "1998",
	volume = "10",
	pages = "1299--1319"
}

@InProceedings{ ScottG1990,
	author = "G.L. Scott and H.C. Longuet-Higgins",
	title = "Feature {G}rouping by {R}elocalisation of {E}igenvectors of the {P}roxmity {M}atrix",
	booktitle = "Proc. {B}ritish {M}achine {V}ision {C}onference",
	year = "1990",
	pages = "103--108"
}

@Article{ SerafiniT2004,
	author = "T.~Serafini and G.~Zanghirati and L.~Zanni",
	title = "Gradient projection methods for large quadratic programs and applications in training support vector machines",
	journal = "Optimization Methods and Software",
	volume = "20",
	number = "2--3",
	pages = "353--378",
	year = "2004"
}

@Article{ SharonY2007,
	author = "Y.~Sharon and J.~Wright and Y.~Ma",
	title = "Computation and Relaxation of Conditions for Equivalence between $\ell^1$ and $\ell^0$ Minimization",
	journal = "submitted to IEEE Transactions on Information Theory",
	year = "2007"
}

@InProceedings{ ShashuaA1988-ICCV,
	author = "A.~Shashua and S.~Ullman",
	title = "Structural saliency: the detection of globally salient structures using a locally connected network",
	booktitle = iccv,
	year = "1988",
	pages = "321--327"
}

@InProceedings{ ShashuaA2001-ICCV,
	author = "A. Shashua and A. Levin",
	title = "Multi-frame {I}nfinitesimal {M}otion {M}odel for the {R}econstruction of ({D}ynamic) {S}cenes with {M}ultiple {L}inearly {M}oving {O}bjects",
	booktitle = iccv,
	year = "2001",
	volume = "2",
	pages = "592--599"
}

@Article{ ShashuaA2001-PAMI,
	author = "A. Shashua and T. Riklin-Raviv",
	title = "The quotient image: Class-based re-rendering and recognition with varying illuminations",
	journal = pami,
	year = 2001,
	volume = 23,
	number = 2,
	pages = "129--139"
}

@InProceedings{ ShiJ1994-CVPR,
	author = "J. Shi and C. Tomasi",
	title = "Good features to track",
	booktitle = cvpr,
	year = "1994",
	pages = "593--600"
}

@InProceedings{ ShiJ1997-CVPR,
	author = "J. Shi and J. Malik",
	title = "Normalized {C}uts and {I}mage {S}egmentation",
	booktitle = cvpr,
	year = "1997",
	pages = "731--737"
}

@Article{ SinclairD1996-IJCV,
	author = "D. Sinclair and A. Blake",
	title = "Quantitative planar region detection",
	journal = ijcv,
	year = "1996",
	volume = "18",
	pages = "77--91",
	number = "1"
}

@InProceedings{ SinghM2006-ICCV,
	author = "M. Singh and N. Ahuja",
	title = "Regression based bandwidth selection for segmentation using {P}arzen windows",
	booktitle = iccv,
	year = "2003"
}

@Article{ SinhaP2006-IEEE,
	author = "P. Sinha and B. Balas and Y. Ostrovsky and R. Russell",
	title = "Face recognition by humans: Nineteen results all computer vision researchers should know about",
	journal = ieee,
	pages = "1948--1962",
	year = 2006,
	volume = 94,
	number = 11
}

@InProceedings{ SparrG1992-ECCV,
	author = "G. Sparr",
	title = "Depth {C}omputations from {P}olyhedral {I}mages",
	booktitle = eccv,
	year = "1992",
	pages = "378--386"
}

@Article{ StewardC1995-PAMI,
	author = "C. Stewart",
	title = "{MINPRAN}: a new robust estimator for computer vision",
	journal = pami,
	year = 1995,
	volume = 17,
	number = 10,
	pages = "925--938"
}

@Article{ StewartC1999,
	author = "C. Stewart",
	title = "Robust parameter estimation in computer vision",
	journal = "S{IAM} {R}eview",
	year = "1999",
	volume = "41",
	pages = "513--537",
	number = "3"
}

@InProceedings{ SturmP02-ECCV,
	author = "P. Sturm",
	title = "Structure and {M}otion for {D}ynamic {S}cenes - {T}he {C}ase of {P}oints {M}oving in {P}lanes",
	booktitle = eccv,
	year = "2002",
	volume = "2",
	pages = "867--882",
	month = "May"
}

@Article{ SugayaY2003,
	author = "Y. Sugaya and K. Kanatani",
	title = "Outlier removal for motion tracking by subspace separation",
	journal = "I{EICE} {T}ransactions on {I}nformation and {S}ystems",
	year = "2003",
	volume = "E86-D",
	pages = "1095--1102",
	number = "6"
}

@Article{ SunC1997-PAMI,
	author = "C. Sun and J. Sherrah",
	title = "3{D} {S}ymmetry detection using the extended {G}aussian image",
	journal = pami,
	year = "1997",
	volume = "19",
	pages = "164--169",
	number = "2",
	month = "February",
	optnote = "detect 3-D reflectional, rotational symmetry"
}

@InProceedings{ SvedbergD1999-SCIA,
	author = "D. Svedberg and S. Carlsson",
	title = "Calibration, {P}ose and {N}ovel {V}iews from {S}ingle {I}mages of {C}onstrained {S}cenes",
	booktitle = "the 11th {S}candinavian {C}onference on {I}mage {A}nalysis ",
	year = "1999",
	pages = "111--117",
	optnote = "calibration using right angle assumption. Not for symmetry"
}

@InProceedings{ TanT1996-CVPR,
	author = "T. Tan and G. D. Sullivan and K. D. Baker",
	title = "Efficient image gradient-based object localization and recognition",
	booktitle = cvpr,
	year = "1996",
	pages = "397--402",
	optnote = "surveillance, vehicle pose detection"
}

@Article{ TaubinG1991-PAMI,
	author = "G. Taubin",
	title = "Estimation of planar curves, surfaces, and nonplanar space curves defined by implicit equations with applications to edge and range image segmentation",
	journal = pami,
	year = "1991",
	volume = "13",
	pages = "1115--1138",
	number = "11"
}

@Article{ TenenbaumJ2000-SCI,
	author = "J. Tenenbaum and Vin de Silva and J. C. Langford",
	title = "A {G}lobal {G}eometric {F}ramework for {N}onlinear {D}emensionality {R}eduction",
	journal = "S{CIENCE}",
	year = "2000",
	volume = "290",
	pages = "2319--2323"
}

@InProceedings{ ThomasA2006-CVPR,
	author = "A.~Thomas and V.~Ferrari and B.~Leibe and T.~Tuytelaars and B.~Schiele and {L.~{Van Gool}}",
	title = "Towards multi-view object class detection",
	booktitle = cvpr,
	year = "2006"
}

@TechReport{ ThrunS2002,
	author = "S. Thrun",
	title = "Robotic mapping: a survey",
	institution = "CMU technical report: {CMU}-{CS}-02-111",
	year = "Feb., 2002"
}

@Article{ TibshiraniR1996,
	author = "R.~Tibshirani",
	title = "Regression shrinkage and selection via the {LASSO}",
	journal = "JRSSB",
	volume = 58,
	pages = "267--288",
	year = "1996"
}

@Article{ TippingM1999,
	author = "M. Tipping and C. Bishop",
	title = "Probabilistic principal component analysis",
	journal = "Journal of {R}oyal {S}tatistical {S}ociety: {S}eries {B}",
	year = "1999",
	volume = "61",
	pages = "611--622",
	number = "3"
}

@Article{ TippingM1999-2,
	author = "M. Tipping and C. Bishop",
	title = "Mixtures of probabilistic principal component analyzers",
	journal = "Neural Computation",
	year = "1999",
	volume = "11",
	pages = "443--482"
}

@InProceedings{ TolliverD2006-CVPR,
	author = "D. Tolliver and G. Miller",
	title = "Graph partitioning by spectral rounding: applications in image segmentation and clustering",
	booktitle = cvpr,
	year = "2006"
}

@Article{ TongW2004-PAMI,
	author = "W. Tong and C. Tang and G. Medioni",
	title = "Simultaneous two-view epipolar geometry estimation and motion segmentation by 4{D} tensor voting",
	journal = pami,
	year = "2004",
	volume = "26",
	pages = "1167--1184",
	number = "9"
}

@InProceedings{ TorreF2001-ICCV,
	author = "F. la Torre and M. Black",
	title = "Robust principal component analysis for computer vision",
	booktitle = iccv,
	year = "2001",
	pages = "362--369"
}

@Article{ TorrP1997-IJCV,
	author = "P. Torr and D. Murray",
	title = "The development and comparison of robust methods for estimating the fundamental matrix",
	journal = ijcv,
	year = "1997",
	volume = "24",
	pages = "271--300",
	number = "3"
}

@Article{ TorrP1998,
	author = "P. Torr",
	title = "Geometric motion segmentation and model selection",
	journal = "Philosophical Transactions of the Royal Society of London",
	year = "1998",
	volume = "356",
	pages = "1321--1340",
	number = "1740",
	series = "A"
}

@Article{ TorrP2003-PAMI,
	author = "P. Torr and C. Davidson",
	title = "I{MPSAC}: synthesis of importance sampling and random sample consensus",
	journal = pami,
	year = "2003",
	volume = "25",
	pages = "354--364",
	number = "3"
}

@Article{ TremeauA1996-PR,
	author = "A. Tremeau and N. Borel",
	title = "A region growing and merging algorithm to color segmentation",
	journal = "Pattern Recognition",
	volume = "30",
	number = "7",
	pages = "1191--1204",
	year = "1997"
}

@Article{ Troje-symmetry,
	author = "N.F. Troje and H.H. Bulthoff",
	title = "How is {B}ilateral {S}ymmetry of {H}uman {F}aces {U}sed for {R}ecognition of {N}ovel {V}iews",
	journal = "Vision {R}esearch",
	year = "1998",
	volume = "38",
	pages = "79--89",
	number = "1"
}

@Article{ TroppJ2004,
	author = "J.~Tropp",
	title = "Greed is good: Algorithmic results for sparse approximation",
	journal = "it",
	volume = 50,
	number = 10,
	pages = "2231--2242"
}

@Article{ TroppJ2005,
	author = "J.~Tropp and A.~Gilbert",
	title = "Signal recovery from partial information by orthogonal matching pursuit",
	journal = "Preprint",
	year = "2005"
}

@Article{ TroppJ2006,
	author = "J.~Tropp",
	title = "Algorithms for simultaneous sparse approximation",
	journal = "Signal Process",
	volume = 86,
	pages = "572--602",
	year = 2006
}

@Article{ TroppJ2010,
	author = "J.~Tropp and S.~Wright",
	title = "Computational methods for sparse solution of linear inverse problems",
	journal = "Proceedings of the IEEE",
	volume = "98",
	year = "2010",
	pages = "948--958"
}

@Article{ TurkM1991,
	author = "M. Turk and A. Pentland",
	title = "{E}igenfaces for recognition",
	journal = "Journal of Cognitive Neuroscience",
	volume = "3",
	number = "1",
	year = "1991",
	pages = "71--86"
}

@Article{ TuZ2002-PAMI,
	author = "Z. Tu and S. C. Zhu",
	title = "Image Segmentation by Data-Driven Markov Chain Monte Carlo",
	journal = pami,
	year = "2002",
	volume = " 24",
	pages = "657--673",
	number = "5",
	optmonth = "June"
}

@Article{ UedaN2000-NC,
	AUTHOR = "N. Ueda and R. Nakan and Z. Ghahramani",
	TITLE = "{SMEM} Algorithm for Mixture Models",
	JOURNAL = "Neural Computation",
	PAGES = "2109--2128",
	VOLUME = "12",
	YEAR = "2000"
}

@InProceedings{ VanGool95,
	author = "{L.~{Van Gool}} and M. Proesmans and A. Zisserman",
	title = "Grouping and {I}nvariants using {P}lanar {H}omologies",
	booktitle = "Workshop on {G}eometrical {M}odeling and {I}nvariants for {C}omputer {V}ision",
	year = "1995",
	publisher = "Xidian University Press"
}

@InProceedings{ VarmaM2003,
	author = "M. Varma and A. Zisserman",
	title = "Texture classification: are filter banks necessary?",
	booktitle = cvpr,
	year = "2003"
}

@InProceedings{ VasilescuM2002-eccv,
	author = "M. Vasilescu and D. Terzopoulos",
	title = "Multilinear analysis of image ensembles: {T}ensor{F}aces",
	booktitle = eccv,
	year = "2002",
	pages = "447--460"
}

@Book{ VempalaS2004,
	author = "S.~Vempala",
	title = "The random projection method",
	publisher = "American Mathematical Society",
	year = "2004"
}

@Book{ VetterliM1995,
	author = "M. Vetterli and J. Kova\v{c}evi{\'c}",
	title = "Wavelets and subband coding",
	publisher = "Prentice Hall",
	year = "1995"
}

@Article{ Vetter-symmetry2,
	author = "T. Vetter and T. Poggio and H. H. Bulthoff",
	title = "The {I}mportance of {S}ymmetry and {V}irtual {V}iews in {T}hree-{D}imensional {O}bject {R}ecognition",
	journal = "Current {B}iology",
	year = "1994",
	volume = "4",
	pages = "18--23"
}

@Article{ VetterT1994,
	author = "T. Vetter and T. Poggio",
	title = "Symmetric 3{D} objects are an easy case for 2{D} object recognition",
	journal = "Spatial {V}ision",
	year = "1994",
	volume = "8",
	pages = "443--453",
	optnote = "psychological, relating to 1.5 view theorem, from MIT AI lab"
}

@InProceedings{ VidalR2002-ECCV,
	author = "R. Vidal and S. Soatto and Y. Ma and S. Sastry",
	title = "Segmentation of dynamic scenes from the multibody fundamental matrix",
	booktitle = "E{CCV} workshop on vision and modeling of dynamic scenes",
	year = "2002",
	address = "Copenhagen, Denmark"
}

@Article{ VidalR2002-IJCV,
	author = "Rene Vidal and Yi Ma and Stefano Soatto and Shankar Sastry",
	title = "Two-view {M}ultibody {S}tructure from {M}otion",
	journal = "submitted to {I}nternational {J}ournal of {C}omputer {V}ision",
	year = "2002"
}

@InProceedings{ VidalR2003-CVPR,
	author = "R. Vidal and Y. Ma and S. Sastry",
	title = "Generalized principal component analysis ({GPCA})",
	booktitle = cvpr,
	year = "2003"
}

@InProceedings{ VidalR2004-CVPR,
	author = "R. Vidal and Y. Ma and J. Piazzi",
	title = "A new {GPCA} algorithm for clustering subspaces by fitting, differentiating and dividing {P}olynomials",
	booktitle = cvpr,
	year = "2004",
	pages = "510--517"
}

@InProceedings{ VidalR2004-CVPR2,
	author = "R. Vidal and R. Hartley",
	title = "Motion segmentation with missing data using {P}ower{F}actorization and {GPCA}",
	booktitle = cvpr,
	year = "2004"
}

@InProceedings{ VidalR2004-ECCV,
	author = "R. Vidal and Y. Ma",
	title = "A unified algebraic approach to 2-{D} and 3-{D} motion segmentation",
	booktitle = eccv,
	year = "2004"
}

@Article{ VidalR2005-PAMI,
	author = "R. Vidal and Y. Ma and S. Sastry",
	title = "Generalized principal component analysis ({GPCA})",
	journal = pami,
	year = "2005",
	volume = "27",
	pages = "1--15",
	number = "12"
}

@InProceedings{ VincentE2001,
	author = "E. Vincent and R. Laganiere",
	title = "Detecting planar homographies in an image pair",
	booktitle = "2nd {I}nternational {S}ymposium on {I}mage and {S}ignal {P}rocessing and {A}nalysis",
	year = "2001",
	pages = "182--187"
}

@InProceedings{ WagnerA2009-CVPR,
	author = "A.~Wagner and J.~Wright and A.~Ganesh and Z.~Zhou and Yi Ma",
	title = "Toward a practical face recognition: Robust pose and illumination via sparse representation",
	booktitle = cvpr,
	year = 2009
}

@Article{ WallaceC1968,
	Author = "C. Wallace and D. Boulton",
	Journal = "The Computer Journal",
	Pages = "185--194",
	Title = "An Information Measure for Classification",
	Volume = "11",
	Year = "1968"
}

@Article{ WallaceC1987,
	author = "C. Wallace and P. Freeman",
	title = "Estimation and inference via compact coding",
	journal = "Journal of the Royal Statistical Society",
	year = "1987",
	volume = "49",
	number = "3",
	pages = "241--252"
}

@Article{ WallaceC1999,
	author = "C. Wallace and D. Dowe",
	title = "Minimum message length and {K}olmogorov complexity",
	journal = "The Computer Journal",
	volume = "42",
	number = "4",
	pages = "270--283",
	year = "1999"
}

@InProceedings{ WangH2004-CVPR,
	AUTHOR = "H. Wang and S. Li and Y. Wang",
	TITLE = "Generalized quotient image",
	BOOKTITLE = cvpr,
	PAGES = "498--505",
	YEAR = "2004"
}

@Article{ WangH2004-IJCV,
	author = "H. Wang and D. Suter",
	title = "{MDPE}: a very robust estimator for model fitting and range image segmentation",
	journal = ijcv,
	year = 2004,
	volume = 59,
	number = 2,
	pages = "139--166"
}

@Article{ WangJ-CGF2002,
	author = "J. Wang and M. M. Oliveira",
	title = "Improved scene reconstruction from range images",
	journal = "Computer {G}raphics {F}orum",
	year = "to appear"
}

@Article{ WardJ1963-JASA,
	Author = "J.~Ward",
	Title = "Hierarchical grouping to optimize and objective function",
	Journal = "Journal of the American Statistical Association",
	Volume = "58",
	Pages = "236--244",
	Year = "1963"
}

@InProceedings{ WeissY1999-ICCV,
	author = "Y. Weiss",
	title = "Segmentation using eigenvectors: a unifying view",
	booktitle = iccv,
	year = "1999",
	pages = "975--982"
}

@Book{ WengJ1993,
	title = "Motion and {S}tructure from {I}mage {S}equences",
	publisher = "Springer Verlag",
	year = "1993",
	author = "J. Weng and T. S. Huang and N. Ahuja"
}

@Book{ WeylH1952,
	title = "Symmetry",
	publisher = "Princeton Univ. Press",
	year = "1952",
	author = "H. Weyl"
}

@Article{ WilliamsL1997,
	author = "L. Williams and D. Jacobs",
	title = "Stochastic completion field: a neural model of illusory contour shape and salience",
	journal = "Neural {C}omputation",
	year = "1997",
	volume = "9",
	pages = "837--858"
}

@Article{ WilliamsL2000,
	author = "L. Williams and K. Thornber",
	title = "A comparison of measures for detecting natural shapes in clusttered backgrounds",
	journal = ijcv,
	year = "2000",
	volume = "34",
	pages = "81--96"
}

@Article{ WitkinA1981,
	author = "A. P. Witkin",
	title = "Recovering surface shape and orientation from texture",
	journal = jai,
	year = "1988",
	volume = "17",
	pages = "17--45",
	optnote = "texture model of isotropy"
}

@InProceedings{ WolfL2001-CVPR,
	author = "L. Wolf and A. Shashua",
	title = "Two-body {S}egmentation from {T}wo {P}erspective {V}iews",
	booktitle = cvpr,
	year = "2001"
}

@Article{ WrightJ2008-IT,
	author = "J.~Wright and Y.~Ma",
	title = "Dense error correction via {$\ell^1$}-minimization",
	journal = it,
	volume = "56",
	pages = "3540--3560",
	year = "2010"
}

@Article{ WrightJ2009-PAMI,
	author = "J.~Wright and A.~Yang and A.~Ganesh and S.~Sastry and Y.~Ma",
	title = "Robust face recognition via sparse representation",
	journal = pami,
	volume = 31,
	year = 2009,
	pages = "210 -- 227"
}

@Article{ WrightJ2010-PIEEE,
	author = "J.~Wright and Y.~Ma and J.~Mairal and G.~Sapiro and T.~Huang and S.~Yan",
	title = "Sparse representation for computer vision and pattern recognition",
	journal = "PIEEE",
	volume = "98",
	pages = "1031--1044",
	year = "2010"
}

@InProceedings{ WrightS2008,
	author = "S.~Wright and R.~Nowak and M.~Figueiredo",
	title = "Sparse reconstruction by separable approximation",
	booktitle = "ICASSP",
	year = "2008"
}

@Article{ WuescherD1991-PAMI,
	author = "D. M. Wuescher and K. L. Boyer",
	title = "Robust {C}ontour {D}ecomposition {U}sing a {C}onstant {C}urvature {C}riterion",
	journal = pami,
	year = "1991",
	volume = "13",
	pages = "41--51",
	month = "January"
}

@InProceedings{ WuY2001-PAMI,
	author = "Y. Wu and Z. Zhang and T. Huang and J. Lin",
	title = "Multibody grouping via orthogonal subspace decomposition",
	booktitle = cvpr,
	year = "2001",
	pages = "252--257"
}

@Article{ XuL1995,
	author = "L.~Xu and A.~Yuille",
	title = "Robust principal component analysis by self-organizing rules based on statistical physics approach",
	journal = pami,
	year = "1995",
	volume = "6",
	pages = "131--143"
}

@InProceedings{ YangA2003-ICCV,
	author = "A. Yang and Shankar Rao and Kun Huang and W. Hong and Y. Ma",
	title = "Geometric segmentation of perspective images based on symmetry groups",
	booktitle = iccv,
	year = "2003",
	address = "Nice, France",
	month = "October"
}

@InProceedings{ YangA2003-ICRA,
	author = "A. Yang and W. Hong and Y. Ma",
	title = "Structure and pose from single images of symmetric objects with applications to robot navigation",
	booktitle = icra,
	year = "2003",
	pages = "1013--1020",
	month = "September"
}

@TechReport{ YangA2003-report,
	author = "A. Yang and K. Huang and S. Rao and W. Hong and Y. Ma",
	title = "Symmetry-based 3-{D} reconstruction from perspective images.",
	institution = "University of Illinois at Urbana-Champaign",
	year = "1997",
	number = "UILU-ENG-03-2204"
}

@Article{ YangA2005-CVIU,
	author = "A.~Yang and S.~Rao and K.~Huang and W.~Hong and Y.~Ma",
	title = "Symmetry-based 3-{D} reconstruction from perspective images",
	journal = cviu,
	volume = 99,
	year = 2005,
	pages = "210--240"
}

@InProceedings{ YangA2005-ICCV,
	author = "A. Yang and S. Rao and A. Wagner and R. Fossum and Y. Ma",
	title = "Hilbert functions and applications to the estimation of subspace arrangements",
	booktitle = iccv,
	year = "2005"
}

@TechReport{ YangA2007,
	author = "A. Yang and J. Wright and Y. Ma and S. Sastry",
	title = "Feature selection in face recognition: A sparse representation perspective",
	institution = "University of California, Berkeley",
	number = "UCB/EECS-2007-99",
	year = "2007"
}

@Article{ YangA2009-JAISE,
	author = "A.~Yang and R.~Jafari and S.~Sastry and R.~Bajcsy",
	title = "Distributed recognition of human actions using wearable motion sensor networks",
	journal = "Journal of Ambient Intelligence and Smart Environments",
	volume = 1,
	number = 2,
	pages = "103--115",
	year = "2009"
}

@InProceedings{YangA2010-ICIP,
	author = "A.~Yang and A.~Ganesh and S.~Sastry and Y.~Ma",
	title = "Fast l1-minimization algorithms and an application in robust face recognition: a review",
	booktitle = icip,
	year = "2010"
}

@Article{ YangA2010-PIEEE,
	author = "A.~Yang and M.~Gastpar and R.~Bajcsy and S.~Sastry",
	title = "Distributed sensor perception via sparse representation",
	journal = "Proceedings of the IEEE",
	volume = "98",
	number = "6",
	pages = "1077--1088",
	year = "2010"
}

@InProceedings{ YangJ2008-CVPR,
	title = "Image super-resolution as sparse representation of raw image patches",
	author = "J.~Yang and J.~Wright and T.~Huang and Y.~Ma",
	booktitle = cvpr,
	year = 2008
}

@Article{ YangJ2009,
	author = "J.~Yang and Y.~Zhang",
	title = "Alternating direction algorithms for {$\ell\_1$}-problems in compressive sensing",
	journal = "(preprint) arXiv:0912.1185",
	year = "2009"
}

@InProceedings{ YangM2002,
	author = "M. Yang",
	title = "Kernel {E}igenfaces vs. kernel {F}isherfaces: face recognition using kernel methods",
	booktitle = "Proceedings of the Fifth International Conference on Automatic Face and Gesture Recognition",
	pages = "215--220",
	year = "2002"
}

@InProceedings{ YeoC2007-VCIP,
	author = "C.~Yeo and K.~Ramchandran",
	title = "Robust distributed multiview video compression for wireless camera networks",
	booktitle = "Proceedings in Visual Communications and Image Processing",
	year = 2007
}

@InProceedings{ YeoC2008-ICIP,
	author = "C.~Yeo and P.~Ahammad and K.~Ramchandran",
	title = "Rate-efficient visual correspondences using random projections",
	booktitle = icip,
	year = 2008
}

@Article{ YinW2008,
	author = "W.~Yin and S.~Osher and D.~Goldfarb and J.~Darbon",
	title = "Bregman iterative algorithms for $\ell\_1$-minimization with applications to compressed sensing",
	journal = "SIAM Journal on Imaging Sciences",
	volume = "1",
	number = "1",
	pages = "143--168",
	year = "2008"
}

@InProceedings{ YuS2005-CVPR,
	author = "S. Yu",
	title = "Segmentation induced by scale invariance",
	booktitle = cvpr,
	year = "2005"
}

@Article{ ZabrodskyH1995-PAMI,
	author = "H. Zabrodsky and S. Peleg and D. Avnir",
	title = "Symmetry as a {C}ontinuous {F}eature",
	journal = pami,
	year = "1995",
	volume = "17",
	pages = "1154--1166",
	month = "December",
	optnote = "Symmetry distance continuous criterion"
}

@Article{ ZabrodskyH1997-CVIU,
	author = "H. Zabrodsky and D. Weinshall",
	title = "Using {B}ilateral {S}ymmetry {T}o {I}mprove 3{D} {R}econstruction {F}rom {I}mage {S}equences",
	journal = cviu,
	year = "1997",
	volume = "67",
	pages = "48--57",
	optnote = "application of symmetry on image sequences."
}

@InProceedings{ ZhangW2000,
	author = "W. Zhang and L. He and Y. Chow and R. Yang and Y. Su",
	title = "The study on distributed speech recognition system",
	booktitle = "Proceedings of the {IEEE} International Conference on Acoustics, Speech, and Signal Processing",
	year = 2000,
	pages = "1431--1434"
}

@InProceedings{ ZhangW2003,
	author = "W.~Zhang and J.~Ko\v{s}eck{\'a}",
	title = "Extraction, matching and pose recovery based on dominant rectangular structures",
	booktitle = iccv,
	year = 2003
}

@TechReport{ ZhangZ1995,
	author = "Z. Zhang",
	title = "Parameter estimation techniques: a tutorial with application to conic fitting",
	institution = "INRIA",
	year = "1995",
	number = "No. 2676",
	address = "France",
	month = "October"
}

@Article{ ZhangZ2000-PAMI,
	author = "Z. Zhang",
	title = "A flexible new technique for camera calibration",
	journal = pami,
	year = "2000",
	volume = "22",
	pages = "1330--1334",
	number = "11"
}

@InProceedings{ ZhangZ2010-ACCV,
	author = "Z.~Zhang and X.~Liang and A.~Ganesh and Y.~Ma",
	title = "{TILT}: transform invariant low-rank textures",
	booktitle = "Asian Conference on Computer Vision",
	year = "2010"
}

@Article{ ZhuS1996-PAMI,
	author = "S. Zhu and A. Yuille",
	title = "Region competition: unifying snakes, region growing, and {B}ayes/{MDL} for multiband image segmentation",
	journal = pami,
	year = "1996",
	volume = 18,
	pages = "884--900"
}

@InProceedings{ ZhuS2002-ECCV,
	author = "S.~Zhu and C.~Guo and Y.~Wu and Y.~Wang",
	title = "What are textons",
	booktitle = eccv,
	year = "2002"
}

@Article{ ZhuS2003-PAMI,
	author = "S.~Zhu",
	title = "Statistical modeling and conceptualization of visual patterns",
	journal = pami,
	year = "2003",
	volume = " 25",
	pages = "691--712",
	optmonth = "June"
}

Encoding: MacRoman

This file was created with JabRef 2.0 beta 2.

@Article{ LFW,
	Author = "G. B. Huang and M. Ramesh and T. Berg and E. Learned-Miller",
	Date-Added = "2009-04-22 10:38:24 -0500",
	Date-Modified = "2009-04-22 10:38:24 -0500",
	Journal = "University of Massachusetts, Amherst, Technical Report 07-49",
	Title = "Labeled Faces in the Wild: A Database for Studying Face Recognition in Unconstrained Environments",
	Year = "2007"
}

@InProceedings{ Turk1991-CVPR,
	Author = "M. Turk and A. Pentland",
	Booktitle = cvpr,
	Date-Added = "2009-04-22 10:38:24 -0500",
	Date-Modified = "2009-04-22 10:38:24 -0500",
	Title = "{E}igenfaces for recognition",
	Year = "1991"
}

@Article{ Belhumeur1997-PAMI,
	Author = "P. Belhumeur and J. Hespanda and D. Kriegman",
	Journal = pami,
	Pages = "711--720",
	Title = "{E}igenfaces vs. {F}isherfaces: recognition using class specific linear projection",
	Volume = "19",
	Year = "1997"
}

@Article{ Wright2009-PAMI,
	Author = "J. Wright and A.Y. Yang and A. Ganesh and S.S. Sastry and Y. Ma",
	Date-Added = "2009-04-26 00:23:53 -0500",
	Date-Modified = "2009-04-26 00:24:29 -0500",
	Journal = pami,
	Pages = "210--227",
	Title = "{Robust face recognition via sparse representation}",
	Volume = "31",
	Year = "2009"
}

@Article{ Georghiades2001-PAMI,
	Author = "A. Georghiades and P. Belhumeur and D. Kriegman",
	Date-Added = "2009-04-22 10:38:19 -0500",
	Date-Modified = "2009-04-22 17:40:55 -0500",
	Journal = pami,
	Pages = "643--660",
	Title = "From Few to Many: Illumination Cone Models for Face Recognition under Variable Lighting and Pose",
	Volume = "23",
	Year = "2001"
}

@InProceedings{ amberg2007reconstructing,
	title = "{Reconstructing high quality face-surfaces using model based stereo}",
	author = "B. Amberg and A. Blake and A. Fitzgibbon and S. Romdhani and T. Vetter",
	booktitle = "Proceedings of IEEE International Conference on Computer Vision",
	pages = "1--8",
	year = "2007"
}

@Article{ Blanz2003-PAMI,
	Author = "V. Blanz and T. Vetter",
	Journal = pami,
	Title = "Face Recognition Based on Fitting a {3D} Morphable Model",
	Volume = "25",
	Year = "2003"
}

@Article{ Cootes2001-PAMI,
	Author = "T. Cootes and G. Edwards and C. Taylor",
	Journal = pami,
	Pages = "681--685",
	Title = "Active Appearance Models",
	Volume = "23",
	Year = "2001"
}

@InProceedings{ CootesT1992,
	title = "{Active shape models -- `smart snakes'}",
	author = "T.~Cootes and C.~Taylor",
	booktitle = "Proceedings of British Machine Vision Conference",
	year = "1992"
}

@InProceedings{ LucasB1981,
	title = "{An iterative image registration technique with an application to stereo vision}",
	author = "B.~Lucas and T.~Kanade",
	booktitle = "IJCAI",
	pages = "674--679",
	year = "1981"
}

@Article{ Belhumeur1999-PAA,
	title = "Tracking in {3D}: Image Variability Decomposition for Recovering Object Pose and Illumination",
	author = "P. Belhumeur and G. Hager",
	journal = "Pattern Analysis and Applications",
	volume = "2",
	pages = "82--91",
	year = "1999"
}

@Article{ Murase1995-IJCV,
	author = "H. Murase and S. Nayar",
	title = "Visual learning and recognition of {3D} objects from appearance",
	journal = ijcv,
	volume = "14",
	pages = "5--24",
	year = "1995"
}

@Article{ CandesE2005-IT,
	Author = "E. Cand{{\`e}s} and T. Tao",
	Date-Added = "2009-04-22 10:38:19 -0500",
	Date-Modified = "2009-04-22 10:38:19 -0500",
	Journal = it,
	Number = 12,
	Title = "Decoding by linear programming",
	Volume = 51,
	Year = 2005
}

@Article{ Wright2008-IT,
	Author = "J. Wright and Y. Ma",
	Journal = it,
	Title = "Dense Error Correction via $\ell^1$-Minimization",
	Year = "2010",
	volume = "56",
	number = "7",
	Date-Added = "2009-04-22 10:38:19 -0500",
	Date-Modified = "2009-04-22 10:38:19 -0500"
}

@Article{ Osborne1990-JAMSSB,
	author = "M. Osborne and R. Womersley",
	title = "Strong Uniqueness in Seequential Linear Programming",
	journal = "Journal of the Australian Mathematical Society, Series B",
	volume = "31",
	year = "1990",
	pages = "379--384"
}

@Article{ Jittorntrum1980-NM,
	author = "K. Jittorntrum and M. Osborne",
	title = "Strong Uniqueness and Second Order Convergence in Nonlinear Discrete Approximation",
	journal = "Numerische Mathematik",
	volume = "34",
	pages = "439--455",
	year = "1980"
}

@Article{ YangA2010-pp,
	author = "Allen Y. Yang and Arvind Ganesh and Zihan Zhou and Shankar Sastry and Yi Ma",
	title = "Fast $\ell\_1$-Minimization Algorithms and Application in Robust Face Recognition",
	journal = "preprint",
	year = "2010"
}

@Article{ chen2006total,
	title = "{Total variation models for variable lighting face recognition}",
	author = "T. Chen and W. Yin and X.S. Zhou and D. Comaniciu and T.S. Huang",
	journal = pami,
	pages = "1519--1524",
	year = "2006",
	publisher = "Published by the IEEE Computer Society"
}

@Article{ zhou2007appearance,
	title = "{Appearance characterization of linear lambertian objects, generalized photometric stereo, and illumination-invariant face recognition}",
	author = "S.K. Zhou and G. Aggarwal and R. Chellappa and D.W. Jacobs",
	journal = pami,
	pages = "230--245",
	year = "2007",
	publisher = "Published by the IEEE Computer Society"
}

@Article{ belhumeur1998set,
	title = "{What is the set of images of an object under all possible illumination conditions?}",
	author = "P.N. Belhumeur and D.J. Kriegman",
	journal = ijcv,
	volume = "28",
	number = "3",
	pages = "245--260",
	year = "1998",
	publisher = "Springer"
}

@Article{ Basri2003-PAMI,
	Author = "R. Basri and D. Jacobs",
	Date-Added = "2009-04-22 10:38:24 -0500",
	Date-Modified = "2009-04-22 17:44:03 -0500",
	Journal = pami,
	Number = 2,
	Pages = "218--233",
	Title = "Lambertian reflectance and linear subspaces",
	Volume = 25,
	Year = 2003
}

@InProceedings{ debevec2000acquiring,
	title = "{Acquiring the reflectance field of a human face}",
	author = "P. Debevec and T. Hawkins and C. Tchou and H.P. Duiker and W. Sarokin and M. Sagar",
	booktitle = "Proceedings of the 27th Annual Conference on Computer Graphics and Interactive Techniques",
	pages = "145--156",
	year = "2000"
}

@InProceedings{ jones2005performance,
	title = "{Performance geometry capture for spatially varying relighting}",
	author = "A. Jones and A. Gardner and M. Bolas and I. McDowall and P. Debevec",
	booktitle = "ACM SIGGRAPH 2005 Sketches",
	pages = "74",
	year = "2005"
}

@InProceedings{ masselus2002free,
	title = "{The free-form light stage}",
	author = "V. Masselus and P. Dutr{\'e} and F. Anrys",
	booktitle = "SIGGRAPH",
	pages = "262",
	year = "2002"
}

@InProceedings{ zhang2002rapid,
	title = "{Rapid shape acquisition using color structured light and multi-pass dynamic programming}",
	author = "L. Zhang and B. Curless and S.M. Seitz",
	booktitle = "Proceedings of the 1st IEEE International Symposium on 3D Data Processing, Visualization, and Transmission",
	pages = "24--36",
	year = "2002"
}

@Article{ Viola2004-IJCV,
	Author = "P. Viola and M. J. Jones",
	Date-Added = "2009-04-22 10:38:24 -0500",
	Date-Modified = "2009-04-22 10:38:24 -0500",
	Journal = ijcv,
	Pages = "137--154",
	Title = "Robust real-time face detection",
	Volume = "57",
	Year = "2004"
}

@Article{ baker2004lucas,
	title = "{Lucas-Kanade 20 years on: A unifying framework: Part 1: The quantity approximated, the warp update rule, and the gradient descent approximation}",
	author = "S. Baker and I. Matthews",
	journal = ijcv,
	volume = "56",
	number = "3",
	pages = "221--255",
	year = "2004",
	publisher = "Citeseer"
}

@Article{ Cromme1978-NM,
	author = "L. Cromme",
	title = "Strong Uniqueness: A Far-Reaching Criterion for the Convergence Analysis of Iterative Procedures",
	journal = "Numerishe Mathematik",
	volume = "29",
	pages = "179--193",
	year = "1978"
}

@Article{ Lewis2008-TR,
	author = "A. Lewis and S. Wright",
	title = "A Proximal Method for Composite Minimization",
	journal = "Technical Report, University of Wisconsin",
	year = "2008"
}

@Book{ BertsekasD1982,
	author = "D.~Bertsekas",
	title = "Constrained Optimization and Lagrange Multiplier Methods",
	publisher = "Academic Press",
	year = "1982"
}

@Article{ YangJ2009-pp,
	author = "J.~Yang and Y.~Zhang",
	title = "Alternating direction algorithms for {$\ell\_1$}-problems in compressive sensing",
	journal = "(preprint) arXiv:0912.1185",
	year = "2009"
}

@Article{ Glowinski1975-TR,
	author = "R. Glowinski and A. Marroco",
	title = "Sur l'approximation, par elements finis d'ordre un, et la resolution, par penalisation-dualite, d'une classe de problemes de {D}irichlet non lineares",
	journal = "Revuew Francaise d'Automatique, Informatique et Recherche Operationelle",
	volume = "9",
	year = "1975",
	pages = "41--76"
}

@Article{ BeckA2009,
	author = "A.~Beck and M.~Teboulle",
	title = "A fast iterative shrinkage-thresholding algorithm for linear inverse problems",
	journal = "SIAM Journal on Imaging Sciences",
	volume = "2",
	number = "1",
	year = "2009",
	pages = "183--202"
}

@Article{ WagnerA2011-PAMI,
	Author = "A.~Wagner and J.~Wright and A.~Ganesh and Z.~Zhou and H.~Mobahi and Y.~Ma",
	Title = "Toward A Practical Face Recognition System: Robust Pose and Illumination via Sparse Representation",
	Year = "2011",
	journal = "(submitted) PAMI"
}

@InProceedings{ Gross2008-FGR,
	Author = "R. Gross and I. Matthews and J. Cohn and T. Kanade and S. Baker",
	Booktitle = fgr,
	Date-Added = "2009-04-22 10:38:24 -0500",
	Date-Modified = "2009-04-22 10:38:24 -0500",
	Title = "Multi-{PIE}",
	Year = "2008"
}

@Article{ Gross2006-PAMI,
	Author = "R. Gross and I. Matthews and S. Baker",
	Date-Added = "2009-04-22 10:38:24 -0500",
	Date-Modified = "2009-04-22 10:38:24 -0500",
	Journal = pami,
	Number = "6",
	Pages = "593--604",
	Title = "Active Appearance Models with Occlusion",
	Volume = "24",
	Year = "2006"
}

@Article{ Wiskott1997-PAMI,
	Author = "L. Wiskott and J. Fellous and N. Kuiger and C. von der Malsburg",
	Date-Added = "2009-04-22 10:38:24 -0500",
	Date-Modified = "2009-04-22 10:38:24 -0500",
	Journal = pami,
	Number = "7",
	Title = "Face recognition by elastic bunch graph matching",
	Volume = "19",
	Year = "1997"
}

@InProceedings{ Huang2008-CVPR,
	Author = "J. Huang and X. Huang and D. Metaxas",
	Booktitle = cvpr,
	Date-Added = "2009-04-22 10:38:24 -0500",
	Date-Modified = "2009-04-22 10:38:24 -0500",
	Title = "Simultaneous image transformation and sparse representation recovery",
	Year = "2008"
}

@InProceedings{ Yang2010-CVPR,
	Author = "Jianchao Yang and Kai Yu and Thomas Huang",
	Booktitle = cvpr,
	Pages = "1--8",
	Title = "Supervised Translation-Invariant Sparse Coding",
	Year = "2010"
}

@TechReport{ PhillipsP2007,
	Author = "P. Phillips and W. Scruggs and A. O'Tools and P. Flynn and K. Bowyer and C. Schott and M. Sharpe",
	Date-Added = "2009-04-22 10:38:19 -0500",
	Date-Modified = "2009-04-22 10:38:19 -0500",
	Institution = "NIST",
	Number = "NISTIR 7408",
	Title = "{FRVT} 2006 and {ICE} 2006 large-scale results",
	Year = "2007"
}

@Article{ Lee2005-PAMI,
	Author = "K. Lee and J. Ho and D. Kriegman",
	Date-Added = "2009-04-22 10:38:24 -0500",
	Date-Modified = "2009-04-22 10:38:24 -0500",
	Journal = pami,
	Number = "5",
	Pages = "684--698",
	Title = "Acquiring Linear Subspaces for Face Recognition under Variable Lighting",
	Volume = "27",
	Year = "2005"
}

@InProceedings{ Pentland1994-CVPR,
	Author = "A. Pentland and B. Moghaddam and T. Starner",
	Booktitle = cvpr,
	Date-Added = "2009-04-22 10:38:19 -0500",
	Date-Modified = "2009-04-22 10:38:19 -0500",
	Title = "View-Based and Modular Eigenspaces for Face Recognition",
	Year = "1994"
}

@InProceedings{ ZhouZ2009,
	title = "Face recognition with contiguous occlusion using Markov random fields",
	author = "Zihan Zhou and Andrew Wagner and John Wright and Hossein Mobahi and Yi Ma",
	booktitle = "Proceedings of IEEE International Conference on Computer Vision",
	pages = "1--8",
	year = "2009"
}

@InProceedings{ Cevher2008-NIPS,
	Author = "V. Cevher and M. F. Duarte and C. Hegde and R. G. Baraniuk",
	Booktitle = "Proceedings of Neural Information and Processing Systems",
	Date-Added = "2009-04-22 10:38:19 -0500",
	Date-Modified = "2009-04-22 10:38:19 -0500",
	Title = "Sparse signal recovery using Markov random fields",
	Year = "2008"
}

@Article{ dagum2002openmp,
	title = "{OpenMP: an industry standard API for shared-memory programming}",
	author = "L. Dagum and R. Menon",
	journal = "Comp. Sci. \& Eng.",
	volume = "5",
	pages = "46--55",
	issn = "1070-9924",
	year = "2002",
	publisher = "IEEE"
}

@Misc{ dulong1999overview,
	title = "{An overview of the Intel IA-64 compiler}",
	author = "C. Dulong and R. Krishnaiyer and D. Kulkarni",
	year = "1999"
}

