@String{ cviu = "Computer Vision and Image Understanding" }

@String{ cvpr = "Proceedings of {IEEE} Conference on Computer Vision and Pattern Recognition" }

@String{ fgr = "Proceedings of {IEEE} Conference on Automatic Face and Gesture Recognition" }

@String{ ieee = "Proceedings of {IEEE}" }

@String{ ijcv = "International Journal of Computer Vision" }

@String{ it = "{IEEE} Transactions on Information Theory" }

@String{ pami = "{IEEE} Transactions on Pattern Analysis and Machine Intelligence" }

@Article{ LFW,
	Author = "G. B. Huang and M. Ramesh and T. Berg and E. Learned-Miller",
	Date-Added = "2009-04-22 10:38:24 -0500",
	Date-Modified = "2009-04-22 10:38:24 -0500",
	Journal = "University of Massachusetts, Amherst, Technical Report 07-49",
	Title = "Labeled Faces in the Wild: A Database for Studying Face Recognition in Unconstrained Environments",
	Year = "2007"
}

@InProceedings{ Turk1991-CVPR,
	Author = "M. Turk and A. Pentland",
	Booktitle = cvpr,
	Date-Added = "2009-04-22 10:38:24 -0500",
	Date-Modified = "2009-04-22 10:38:24 -0500",
	Title = "{E}igenfaces for recognition",
	Year = "1991"
}

@Article{ Belhumeur1997-PAMI,
	Author = "P. Belhumeur and J. Hespanda and D. Kriegman",
	Date-Added = "2009-04-22 10:38:24 -0500",
	Date-Modified = "2009-04-22 10:38:24 -0500",
	Journal = pami,
	Number = "7",
	Pages = "711--720",
	Title = "{E}igenfaces vs. {F}isherfaces: recognition using class specific linear projection",
	Volume = "19",
	Year = "1997"
}

@Article{ Wright2009-PAMI,
	Author = "J. Wright and A.Y. Yang and A. Ganesh and S.S. Sastry and Y. Ma",
	Date-Added = "2009-04-26 00:23:53 -0500",
	Date-Modified = "2009-04-26 00:24:29 -0500",
	Journal = pami,
	Number = "2",
	Pages = "210--227",
	Title = "{Robust face recognition via sparse representation}",
	Volume = "31",
	Year = "2009"
}

@Article{ Georghiades2001-PAMI,
	Author = "A. Georghiades and P. Belhumeur and D. Kriegman",
	Date-Added = "2009-04-22 10:38:19 -0500",
	Date-Modified = "2009-04-22 17:40:55 -0500",
	Journal = pami,
	Number = "6",
	Pages = "643--660",
	Title = "From Few to Many: Illumination Cone Models for Face Recognition under Variable Lighting and Pose",
	Volume = "23",
	Year = "2001"
}

@InProceedings{ amberg2007reconstructing,
	title = "{Reconstructing high quality face-surfaces using model based stereo}",
	author = "B. Amberg and A. Blake and A. Fitzgibbon and S. Romdhani and T. Vetter",
	booktitle = "Proceedings of IEEE International Conference on Computer Vision",
	pages = "1--8",
	year = "2007"
}

@Article{ Blanz2003-PAMI,
	Author = "V. Blanz and T. Vetter",
	Date-Added = "2009-04-22 10:38:24 -0500",
	Date-Modified = "2009-04-22 10:38:24 -0500",
	Journal = pami,
	Number = "9",
	Title = "Face Recognition Based on Fitting a {3D} Morphable Model",
	Volume = "25",
	Year = "2003"
}

@Article{ Cootes2001-PAMI,
	Author = "T. Cootes and G. Edwards and C. Taylor",
	Date-Added = "2009-04-22 10:38:24 -0500",
	Date-Modified = "2009-04-22 10:38:24 -0500",
	Journal = pami,
	Number = "6",
	Pages = "681--685",
	Title = "Active Appearance Models",
	Volume = "23",
	Year = "2001"
}

@InProceedings{ cootes1992active,
	title = "{Active shape models -- `smart snakes'}",
	author = "T.F. Cootes and C.J. Taylor",
	booktitle = "Proceedings of British Machine Vision Conference",
	year = "1992"
}

@InProceedings{ lucas1981iterative,
	title = "{An iterative image registration technique with an application to stereo vision}",
	author = "B.D. Lucas and T. Kanade",
	booktitle = "Proceedings of International Joint Conference on Artificial Intelligence",
	volume = "3",
	pages = "674--679",
	year = "1981"
}

@Article{ Belhumeur1999-PAA,
	title = "Tracking in {3D}: Image Variability Decomposition for Recovering Object Pose and Illumination",
	author = "P. Belhumeur and G. Hager",
	journal = "Pattern Analysis and Applications",
	volume = "2",
	pages = "82--91",
	year = "1999"
}

@Article{ Murase1995-IJCV,
	author = "H. Murase and S. Nayar",
	title = "Visual learning and recognition of {3D} objects from appearance",
	journal = ijcv,
	volume = "14",
	pages = "5--24",
	year = "1995"
}

@Article{ CandesE2005-IT,
	Author = "E. Cand{{\`e}s} and T. Tao",
	Date-Added = "2009-04-22 10:38:19 -0500",
	Date-Modified = "2009-04-22 10:38:19 -0500",
	Journal = it,
	Number = 12,
	Title = "Decoding by linear programming",
	Volume = 51,
	Year = 2005
}

@Article{ Wright2008-IT,
	Author = "J. Wright and Y. Ma",
	Journal = it,
	Title = "Dense Error Correction via $\ell^1$-Minimization",
	Year = "2010",
	volume = "56",
	number = "7",
	Date-Added = "2009-04-22 10:38:19 -0500",
	Date-Modified = "2009-04-22 10:38:19 -0500"
}

@Article{ Osborne1990-JAMSSB,
	author = "M. Osborne and R. Womersley",
	title = "Strong Uniqueness in Seequential Linear Programming",
	journal = "Journal of the Australian Mathematical Society, Series B",
	volume = "31",
	year = "1990",
	pages = "379--384"
}

@Article{ Jittorntrum1980-NM,
	author = "K. Jittorntrum and M. Osborne",
	title = "Strong Uniqueness and Second Order Convergence in Nonlinear Discrete Approximation",
	journal = "Numerische Mathematik",
	volume = "34",
	pages = "439--455",
	year = "1980"
}

@Article{ YangA2010-pp,
	author = "Allen Y. Yang and Arvind Ganesh and Zihan Zhou and Shankar Sastry and Yi Ma",
	title = "Fast $\ell\_1$-Minimization Algorithms and Application in Robust Face Recognition",
	journal = "preprint",
	year = "2010"
}

@Article{ chen2006total,
	title = "{Total variation models for variable lighting face recognition}",
	author = "T. Chen and W. Yin and X.S. Zhou and D. Comaniciu and T.S. Huang",
	journal = pami,
	pages = "1519--1524",
	year = "2006",
	publisher = "Published by the IEEE Computer Society"
}

@Article{ zhou2007appearance,
	title = "{Appearance characterization of linear lambertian objects, generalized photometric stereo, and illumination-invariant face recognition}",
	author = "S.K. Zhou and G. Aggarwal and R. Chellappa and D.W. Jacobs",
	journal = pami,
	pages = "230--245",
	year = "2007",
	publisher = "Published by the IEEE Computer Society"
}

@Article{ belhumeur1998set,
	title = "{What is the set of images of an object under all possible illumination conditions?}",
	author = "P.N. Belhumeur and D.J. Kriegman",
	journal = ijcv,
	volume = "28",
	number = "3",
	pages = "245--260",
	year = "1998",
	publisher = "Springer"
}

@Article{ Basri2003-PAMI,
	Author = "R. Basri and D. Jacobs",
	Date-Added = "2009-04-22 10:38:24 -0500",
	Date-Modified = "2009-04-22 17:44:03 -0500",
	Journal = pami,
	Number = 2,
	Pages = "218--233",
	Title = "Lambertian reflectance and linear subspaces",
	Volume = 25,
	Year = 2003
}

@InProceedings{ debevec2000acquiring,
	title = "{Acquiring the reflectance field of a human face}",
	author = "P. Debevec and T. Hawkins and C. Tchou and H.P. Duiker and W. Sarokin and M. Sagar",
	booktitle = "Proceedings of the 27th Annual Conference on Computer Graphics and Interactive Techniques",
	pages = "145--156",
	year = "2000"
}

@InProceedings{ jones2005performance,
	title = "{Performance geometry capture for spatially varying relighting}",
	author = "A. Jones and A. Gardner and M. Bolas and I. McDowall and P. Debevec",
	booktitle = "ACM SIGGRAPH 2005 Sketches",
	pages = "74",
	year = "2005"
}

@InProceedings{ masselus2002free,
	title = "{The free-form light stage}",
	author = "V. Masselus and P. Dutr{\'e} and F. Anrys",
	booktitle = "SIGGRAPH",
	pages = "262",
	year = "2002"
}

@InProceedings{ zhang2002rapid,
	title = "{Rapid shape acquisition using color structured light and multi-pass dynamic programming}",
	author = "L. Zhang and B. Curless and S.M. Seitz",
	booktitle = "Proceedings of the 1st IEEE International Symposium on 3D Data Processing, Visualization, and Transmission",
	pages = "24--36",
	year = "2002"
}

@Article{ Viola2004-IJCV,
	Author = "P. Viola and M. J. Jones",
	Date-Added = "2009-04-22 10:38:24 -0500",
	Date-Modified = "2009-04-22 10:38:24 -0500",
	Journal = ijcv,
	Pages = "137--154",
	Title = "Robust real-time face detection",
	Volume = "57",
	Year = "2004"
}

@Article{ baker2004lucas,
	title = "{Lucas-Kanade 20 years on: A unifying framework: Part 1: The quantity approximated, the warp update rule, and the gradient descent approximation}",
	author = "S. Baker and I. Matthews",
	journal = ijcv,
	volume = "56",
	number = "3",
	pages = "221--255",
	year = "2004",
	publisher = "Citeseer"
}

@Article{ Cromme1978-NM,
	author = "L. Cromme",
	title = "Strong Uniqueness: A Far-Reaching Criterion for the Convergence Analysis of Iterative Procedures",
	journal = "Numerishe Mathematik",
	volume = "29",
	pages = "179--193",
	year = "1978"
}

@Article{ Lewis2008-TR,
	author = "A. Lewis and S. Wright",
	title = "A Proximal Method for Composite Minimization",
	journal = "Technical Report, University of Wisconsin",
	year = "2008"
}

@Book{ Bertsekas1982,
	author = "D. Bertsekas",
	title = "Constrained Optimization and Lagrange Multiplier Methods",
	publisher = "Academic Press",
	year = "1982"
}

@Article{ YangJ2009-pp,
	author = "J.~Yang and Y.~Zhang",
	title = "Alternating direction algorithms for {$\ell\_1$}-problems in compressive sensing",
	journal = "(preprint) arXiv:0912.1185",
	year = "2009"
}

@Article{ Glowinski1975-TR,
	author = "R. Glowinski and A. Marroco",
	title = "Sur l'approximation, par elements finis d'ordre un, et la resolution, par penalisation-dualite, d'une classe de problemes de {D}irichlet non lineares",
	journal = "Revuew Francaise d'Automatique, Informatique et Recherche Operationelle",
	volume = "9",
	year = "1975",
	pages = "41--76"
}

@Article{ BeckA2009,
	author = "A.~Beck and M.~Teboulle",
	title = "A fast iterative shrinkage-thresholding algorithm for linear inverse problems",
	journal = "SIAM Journal on Imaging Sciences",
	volume = "2",
	number = "1",
	year = "2009",
	pages = "183--202"
}

@InProceedings{ Wagner2009-CVPR,
	Author = "A. Wagner and J. Wright and A. Ganesh and Z. Zhou and Y. Ma",
	Booktitle = cvpr,
	Date-Added = "2009-04-22 10:38:19 -0500",
	Date-Modified = "2009-04-22 10:38:19 -0500",
	Title = "Toward A Practical Face Recognition System: Robust Pose and Illumination via Sparse Representation",
	Year = "2009"
}

@InProceedings{ Gross2008-FGR,
	Author = "R. Gross and I. Matthews and J. Cohn and T. Kanade and S. Baker",
	Booktitle = fgr,
	Date-Added = "2009-04-22 10:38:24 -0500",
	Date-Modified = "2009-04-22 10:38:24 -0500",
	Title = "Multi-{PIE}",
	Year = "2008"
}

@Article{ Gross2006-PAMI,
	Author = "R. Gross and I. Matthews and S. Baker",
	Date-Added = "2009-04-22 10:38:24 -0500",
	Date-Modified = "2009-04-22 10:38:24 -0500",
	Journal = pami,
	Number = "6",
	Pages = "593--604",
	Title = "Active Appearance Models with Occlusion",
	Volume = "24",
	Year = "2006"
}

@Article{ Wiskott1997-PAMI,
	Author = "L. Wiskott and J. Fellous and N. Kuiger and C. von der Malsburg",
	Date-Added = "2009-04-22 10:38:24 -0500",
	Date-Modified = "2009-04-22 10:38:24 -0500",
	Journal = pami,
	Number = "7",
	Title = "Face recognition by elastic bunch graph matching",
	Volume = "19",
	Year = "1997"
}

@InProceedings{ Huang2008-CVPR,
	Author = "J. Huang and X. Huang and D. Metaxas",
	Booktitle = cvpr,
	Date-Added = "2009-04-22 10:38:24 -0500",
	Date-Modified = "2009-04-22 10:38:24 -0500",
	Title = "Simultaneous image transformation and sparse representation recovery",
	Year = "2008"
}

@InProceedings{ Yang2010-CVPR,
	Author = "Jianchao Yang and Kai Yu and Thomas Huang",
	Booktitle = cvpr,
	Pages = "1--8",
	Title = "Supervised Translation-Invariant Sparse Coding",
	Year = "2010"
}

@TechReport{ PhillipsP2007,
	Author = "P. Phillips and W. Scruggs and A. O'Tools and P. Flynn and K. Bowyer and C. Schott and M. Sharpe",
	Date-Added = "2009-04-22 10:38:19 -0500",
	Date-Modified = "2009-04-22 10:38:19 -0500",
	Institution = "NIST",
	Number = "NISTIR 7408",
	Title = "{FRVT} 2006 and {ICE} 2006 large-scale results",
	Year = "2007"
}

@Article{ Lee2005-PAMI,
	Author = "K. Lee and J. Ho and D. Kriegman",
	Date-Added = "2009-04-22 10:38:24 -0500",
	Date-Modified = "2009-04-22 10:38:24 -0500",
	Journal = pami,
	Number = "5",
	Pages = "684--698",
	Title = "Acquiring Linear Subspaces for Face Recognition under Variable Lighting",
	Volume = "27",
	Year = "2005"
}

@InProceedings{ Pentland1994-CVPR,
	Author = "A. Pentland and B. Moghaddam and T. Starner",
	Booktitle = cvpr,
	Date-Added = "2009-04-22 10:38:19 -0500",
	Date-Modified = "2009-04-22 10:38:19 -0500",
	Title = "View-Based and Modular Eigenspaces for Face Recognition",
	Year = "1994"
}

@InProceedings{ ZhouZ2009,
	title = "Face recognition with contiguous occlusion using Markov random fields",
	author = "Zihan Zhou and Andrew Wagner and John Wright and Hossein Mobahi and Yi Ma",
	booktitle = "Proceedings of IEEE International Conference on Computer Vision",
	pages = "1--8",
	year = "2009"
}

@InProceedings{ Cevher2008-NIPS,
	Author = "V. Cevher and M. F. Duarte and C. Hegde and R. G. Baraniuk",
	Booktitle = "Proceedings of Neural Information and Processing Systems",
	Date-Added = "2009-04-22 10:38:19 -0500",
	Date-Modified = "2009-04-22 10:38:19 -0500",
	Title = "Sparse signal recovery using Markov random fields",
	Year = "2008"
}

